3164 4994
266 337 307 399 88
593 344 746 405 PLAVTI
775 346 1082 410 MOSTELLARIA.

310 530 371 591 ΤΗ.
404 524 595 590 Interimam
631 528 737 593 hercle
783 532 846 618 [te]
881 549 952 616 ego,
982 533 1012 594 si
1048 532 1143 596 vivo!
1211 536 1274 598 CA.
1304 534 1370 599 Fac

395 640 495 702 istam
516 650 666 703 cunctam
687 644 847 724 gratiam:

261 750 423 813 Tranioni
447 754 590 836 remitte,
612 772 742 840 quaeso,
765 756 847 819 hanc
870 757 1001 820 noxiam
1022 776 1118 821 causa
1138 775 1221 820 mea.

311 868 371 927 ΤΗ.
399 864 649 949 Aliud'quidvis
670 870 825 952 inpetrari
847 888 868 932 a
889 889 941 932 me
962 870 1091 933 facilius
1113 869 1283 954 perferam,

264 974 372 1061 Qum
398 985 522 1040 utnon
549 996 609 1061 ego
636 978 735 1043 istum
759 999 816 1063 pro
841 982 910 1044 suis
936 980 1033 1044 factis
1059 983 1217 1065 pessumis
1241 1001 1366 1066 pessum

394 1107 546 1172 premam.

311 1202 372 1262 Ca.
401 1197 505 1262 Mitte
525 1218 655 1284 quaeso,
678 1202 794 1267 istunc.
855 1206 918 1267 ΤΗ.
947 1202 1048 1285 Hem,
1068 1203 1189 1288 viden',
1209 1212 1247 1268 ut
1268 1213 1368 1270 restat

394 1310 547 1376 furcifer?
1368 1334 1411 1402 50

309 1424 371 1483 Cn.
393 1420 531 1505 Trani0,
553 1425 696 1510 quiesce,
722 1427 751 1489 si
783 1429 880 1512 sapis.
959 1432 1021 1493 ΤΗ.
1053 1429 1106 1493 Tu
1133 1414 1369 1513 quiesce'hanc

392 1551 460 1594 rern
482 1534 580 1597 modo

262 1641 374 1704 Petere
385 1667 395 1720 3
425 1661 485 1725 ego
506 1644 599 1706 illum
622 1647 817 1731 verberibus,
840 1656 875 1711 ut
898 1651 943 1711 sit
966 1652 1106 1733 quietus,
1128 1653 1292 1735 subegero.

307 1755 370 1816 CA.
400 1752 497 1814 Nihil
523 1773 603 1837 opus
633 1763 683 1818 est
706 1756 866 1839 ‚profecto
919 1758 989 1840 Age
1019 1760 1097 1842 iam,
1126 1763 1198 1823 sine
1227 1764 1283 1826 ted
1312 1784 1369 1827 ex-

390 1880 520 1924 orarrer.

309 1977 369 2038 ΤΗ.
397 1973 488 2037 Nolo
514 1994 595 2038 ores.
660 1981 721 2040 Ca.
748 1978 879 2066 Qaeso
901 1979 1017 2044 hercle.
1086 1984 1147 2044 ΤΗ.
1178 1981 1281 2066 Nolo,
1310 1983 1363 2044 in·

391 2106 498 2172 quarn,
520 2106 600 2154 ores.
661 2092 724 2154 CA.
746 2090 954 2174 Nequiquam
976 2093 1091 2155 nevis:

301 2433 345 2496 4⁶·
380 2432 529 2484 imeremam
544 2429 593 2483 Ba.
698 2428 778 2481 hercle
795 2438 827 2495 te,
845 2444 877 2482 so
896 2429 978 2485 Both.
992 2427 1067 2482 RW.
1121 2427 1185 2480 The
1200 2426 1281 2480 MSS.
1294 2429 1362 2482 omit
1379 2440 1412 2485 te.

263 2520 307 2571 ego
325 2503 348 2554 si
366 2503 442 2555 vivo.
491 2501 543 2579 (in.
563 2501 616 2553 Fac
634 2500 721 2566 istam,
740 2516 771 2553 so
789 2500 899 2553 Camer.
966 2518 1010 2570 ego
1028 2499 1106 2553 suibo.
1155 2499 1207 2551 Cn.
1228 2500 1358 2552 Facistam
1372 2500 1412 2553 Ba

265 2612 330 2681 (but
342 2610 385 2664 Bb
399 2611 448 2665 has
461 2579 555 2683 aiio).
616 2631 661 2683 ego
676 2611 828 2678 suibosacis
848 2621 904 2665 tam
921 2612 954 2666 C.
1013 2631 1057 2683 ego
1074 2612 1255 2679 suibofacista
1272 2611 1310 2667 D.
1364 2630 1411 2680 ego

264 2701 333 2754 iubeo
337 2699 389 2766 sae
400 2701 480 2754 istam
494 2700 553 2754 FZ.

301 2785 346 2834 47.
382 2772 501 2824 Tranioni
518 2773 618 2824 remitte
635 2789 706 2839 queso
724 2770 771 2823 BF
774 2770 807 2825 Z.
865 2771 986 2824 Tranioni
1004 2772 1104 2824 remitte
1122 2771 1222 2824 remitte
1240 2787 1328 2839 quaeso
1347 2765 1407 2821 CD.

266 2841 386 2893 Tranioni
396 2842 451 2894 iam
463 2844 571 2909 remitte,
583 2842 710 2908 omitting
721 2860 810 2909 quaeso
824 2840 858 2895 R.

266 2915 347 3033 Buq.
362 2929 400 3032 Ra
425 2932 464 2964 me
479 2912 589 2979 facilius
609 2912 752 2982 perferam,
779 2928 811 2965 so
835 2911 883 2965 the
906 2911 988 2966 MSS.
1047 2912 1181 2983 perferam
1205 2924 1284 2965 a‘me
1295 2906 1400 2973 saer'lsics

291 2987 320 3032 ot
341 3018 348 3033 .
391 3019 397 3034 .

303 3067 347 3114 5ο.
383 3051 420 3101 So
433 3051 543 3103 Camer.
553 3050 632 3116 Vulg.
686 3052 750 3105 The
764 3051 845 3106 MSS.
858 3068 905 3106 are
917 3069 983 3121 very
995 3060 1115 3121 corrupt,
1127 3051 1300 3106 thus—Mitte
1312 3064 1352 3115 que
1365 3045 1398 3096 sir

266 3133 320 3174 tum
334 3158 341 3172 .
354 3121 444 3172 vident
467 3130 497 3172 ut
520 3131 601 3172 restat
616 3120 734 3187 furcifer
758 3122 806 3176 Ba.
861 3126 939 3177 mue
961 3126 1039 3193 queeis
1063 3123 1261 3178 sunamiten.
1277 3129 1305 3172 ut
1327 3124 1404 3170 mitat

257 3206 375 3276 furcifer
386 3206 438 3260 Bb.
491 3207 597 3274 Mitteq,·
613 3209 648 3259 sis
665 3217 733 3260 tume
748 3209 825 3261 viden
842 3220 870 3261 ut
887 3221 969 3263 restat
975 3211 1092 3279 furcifer
1104 3211 1136 3265 C.
1192 3211 1270 3262 mue
1285 3207 1363 3276 queris
1381 3212 1409 3257 tu

267 3339 307 3373 me
324 3317 401 3371 viden
418 3326 447 3369 ut
464 3326 547 3370 restat
555 3316 671 3383 furcifer
684 3318 728 3370 Da
740 3285 835 3385 (quesii
841 3286 875 3370 ii
886 3338 926 3371 me
938 3318 1007 3389 Dc).
1061 3320 1119 3375 Tu.
1136 3322 1214 3375 mm
1230 3337 1300 3389 quero
1317 3328 1346 3370 tu
1362 3334 1411 3371 me.

267 3389 324 3442 ΤΕ.
345 3388 420 3441 Video
433 3397 461 3440 ut
472 3397 554 3440 restat
556 3386 673 3453 furcifer
685 3387 733 3440 FZ
747 3386 849 3457 (Videm
862 3387 911 3458 Z).
965 3389 990 3442 R
1002 3390 1087 3444 has..

337 3484 385 3536 Ca.
403 3482 607 3606 Miqlthcqrerraqso
626 3481 716 3539 istum.
769 3483 814 3535 iio.
834 3481 927 3553 [iilum
944 3490 976 3538 ut
994 3485 1114 3557 mittam]
1133 3486 1213 3540 viden
1231 3491 1263 3540 ut
1280 3489 1351 3539 astat

265 3623 304 3675 W
317 3624 400 3678 has-

336 3728 378 3778 Tr.
394 3723 487 3789 Mitte,
499 3736 610 3791 quaeso,
623 3722 666 3789 sis,
678 3729 709 3775 tu
722 3721 794 3777 med.
830 3724 875 3778 iis.
891 3723 975 3792 Hem,
985 3724 1073 3779 viden’
1086 3732 1117 3779 ut
1129 3732 1215 3779 restat
1226 3721 1349 3779 furcifer.

301 3847 344 3896 5ι.
382 3830 419 3882 So
431 3829 540 3881 Carner.
550 3826 629 3894 Vulg.
641 3825 688 3881 W.
725 3826 804 3881 Herc
822 3827 899 3896 again
915 3828 962 3881 the
981 3827 1062 3882 MSS.
1077 3844 1124 3881 are
1143 3834 1264 3897 corrupt
1316 3827 1412 3879 Tranio

264 3929 307 3997 qui
323 3945 382 3980 esse
404 3926 482 3996 sapis.
531 3921 591 3977 Tu.
612 3925 648 3975 Tu
670 3925 712 3991 qui
734 3905 786 3976 essi
805 3922 837 3977 B.
891 3925 983 3977 ‘Tranio
1005 3924 1098 3992 quiesse
1120 3925 1189 3995 sapis
1213 3935 1242 3977 tu
1265 3923 1358 3991 quiesce
1377 3920 1411 3973 C.

264 4017 357 4069 Tranio
381 4014 436 4098 quie
459 4012 485 4065 e“e
507 4014 576 4081 sapis
601 4021 629 4065 tu
652 4012 745 4079 quiesce
769 4010 806 4066 D.
861 4010 887 4063 R
907 4010 955 4064 has
975 4012 1027 4066 CA.
1048 4013 1149 4080 Tranio,
1168 4014 1192 4065 si
1211 4012 1290 4081 sapis,
1309 4010 1412 4077 quiesce.

264 4087 530 4224 Tquuquuqsqleium
550 4153 582 4206 Β.
688 4153 836 4207 verberibus
855 4162 884 4205 ut
899 4156 935 4206 rit
955 4155 1057 4221 quietus,
1077 4170 1108 4206 so
1125 4153 1174 4207 the
1194 4153 1276 4209 MSS.
1330 4159 1358 4203 ut
1377 4151 1413 4201 sit

262 4230 357 4293 quietus
369 4225 516 4278 verberibus
529 4223 632 4277 Acidal.
647 4223 681 4278 R.
734 4224 881 4277 verberibus
894 4235 921 4276 ut
933 4227 1025 4292 quictru
1037 4228 1071 4278 sit
1084 4225 1131 4278 W.

301 4310 344 4357 53.
380 4294 429 4346 Nil
445 4307 502 4363 opus
520 4305 558 4347 est
570 4295 692 4362 profecto,
713 4295 789 4348 FZR
802 4295 889 4361 assign
902 4294 979 4349 these
992 4294 1082 4349 words
1093 4302 1124 4350 to
1137 4294 1253 4348 Tranio.
1360 4291 1413 4355 ted,
1461 4314 1468 4325 .

264 4377 294 4414 so
308 4364 408 4430 Guyet.
432 4365 435 4369 ’
462 4373 486 4415 te
498 4364 545 4416 the
558 4363 638 4417 MSS.

300 4448 343 4495 54.
379 4434 482 4497 inquom
495 4452 547 4484 ores
561 4432 618 4485 BC.
672 4436 774 4501 inquam
787 4456 857 4489 ornes
871 4436 908 4489 D.
962 4439 1063 4507 inquam
1076 4456 1134 4491 oras
1150 4437 1171 4489 F
1175 4437 1206 4490 Z.
