3218 4990
290 391 328 454 18
618 389 770 449 PLAVTI
799 386 1103 449 MOSTELLARIA.

289 575 331 638 Vt
353 595 413 659 ego
442 575 630 641 exheredem
660 580 741 641 meis
767 580 861 642 bonis
884 597 936 641 me
958 578 1088 662 faciam,
1110 586 1206 659 atque
1236 576 1314 640 haec
1342 576 1386 639 sit

415 687 515 751 heres.

237 767 320 889 f
329 802 384 865 Sc.
414 798 484 863 Iam
507 801 570 863 ista
591 799 721 883 quidem
744 816 911 886 apsumpta
936 822 987 865 res
1012 801 1094 865 erit:
1123 800 1194 865 dies
1215 807 1387 881 noctesque

415 921 514 997 estur,
537 913 671 997 bibitur,

284 1023 402 1108 Neque
423 1026 591 1109 quisquam
612 1026 845 1109 parsimoniam
866 1026 1019 1108 adhibet3
1049 1025 1161 1106 sagina
1182 1022 1279 1105 plane
1302 1030 1361 1085 est.

326 1140 428 1200 Pmt..
452 1133 541 1199 Inte
561 1136 667 1198 hercle
687 1144 809 1198 certum
829 1144 879 1198 est
899 1136 1107 1218 principium,
1122 1141 1158 1195 ut
1177 1133 1242 1196 sim
1262 1151 1385 1218 parnis,

413 1250 572 1332 experiri3
1120 1240 1123 1244 ⁵
1386 1248 1429 1312 80

283 1358 373 1421 Nam
395 1378 499 1441 neque
518 1357 595 1421 edes
613 1359 797 1441 quicquam,
812 1377 915 1440 neque
932 1358 1022 1420 bibes
1037 1356 1119 1441 apud
1135 1375 1187 1420 me
1204 1357 1255 1420 his
1272 1356 1385 1420 decem

410 1467 532 1533 diebus

324 1582 390 1641 Pri.
412 1578 446 1643 Si
460 1579 537 1662 quid
551 1590 587 1643 tu
608 1583 645 1643 in
665 1581 758 1644 illum
773 1583 856 1647 bene
871 1582 961 1647 voles
976 1583 1076 1668 loqui,
1092 1584 1125 1646 id
1146 1583 1233 1666 loqui
1248 1581 1385 1662 licebit3

280 1688 355 1754 Nec
377 1698 463 1753 recte
485 1692 513 1753 si
537 1691 587 1753 illi
610 1691 743 1777 dixeris,
766 1697 832 1757 iarn
855 1704 979 1771 ecastor
1001 1694 1176 1779 vapulabis.

321 1803 424 1865 Pfflt..
461 1799 583 1885 Edepol
620 1804 649 1865 si
690 1822 815 1866 summo
851 1805 922 1867 Iovi
960 1806 1037 1867 vivo
1081 1816 1215 1887 argento
1258 1804 1383 1870 sacrufi-

408 1931 543 1997 cassem,

277 2020 338 2086 Pro
372 2022 459 2086 illius
492 2025 599 2107 capite
635 2022 719 2106 quod
749 2023 844 2087 dedi:
884 2042 1058 2108 numquam
1091 2043 1189 2106 aeque
1227 2022 1261 2086 id
1298 2023 1380 2084 bene

408 2135 573 2200 locassem.
1381 2131 1423 2214 85

277 2246 322 2311 Vt
343 2246 455 2311 videas
483 2266 556 2310 eam
585 2246 770 2310 medullitus
799 2265 853 2309 me
882 2247 1007 2311 amare!
1052 2246 1119 2330 Oh,
1149 2246 1263 2331 probus
1284 2244 1381 2305 homo

407 2375 498 2421 sum:

274 2467 368 2556 Qae
389 2486 446 2552 pro
468 2486 521 2530 me
542 2486 671 2531 causam
693 2467 829 2549 diceret,
852 2473 1024 2550 patronum
1045 2465 1194 2527 liberavi.

320 2582 376 2644 Sc.
405 2578 522 2663 Video,
557 2586 592 2642 te
626 2579 723 2644 nihili
757 2577 897 2662 pendere
933 2595 1009 2663 prae
1046 2575 1230 2640 Philolache
1267 2591 1383 2637 omnes

406 2689 575 2754 homines:

313 2909 356 2958 77.
391 2894 460 2948 honis
478 2897 633 2961 mesariam
646 2895 754 2949 Camer.
808 2913 848 2948 me
863 2895 932 2950 bonis
940 2894 1045 2962 fatiam
1057 2894 1090 2948 B.
1143 2911 1183 2946 me
1193 2890 1373 2958 bonisfaer'am
1385 2889 1425 2944 D.

277 2982 317 3015 me
320 2963 425 3029 faciam
437 2963 506 3017 bonis
520 2965 553 3016 C.
659 2967 695 3018 sit
705 2966 784 3031 heres,
796 2980 827 3017 so
841 2964 872 3017 B.
925 2966 961 3018 sit
972 2984 1012 3018 res
1025 2965 1088 3017 CD.

312 3038 356 3095 78.
391 3033 489 3100 qur'rlem
505 3033 627 3086 absumta
644 3053 684 3086 res
698 3035 731 3087 Z.
767 3034 831 3086 The
844 3034 924 3087 MSS.
937 3034 1113 3103 emoneously
1131 3039 1226 3102 repeat
1237 3031 1334 3102 qrddem
1352 3028 1425 3083 aster

276 3102 420 3171 absmnpra.
525 3103 577 3155 dies
589 3113 715 3172 noctesque
726 3104 760 3156 all
772 3103 820 3156 the
833 3102 915 3157 MSS.
927 3103 1015 3173 (acc.)

312 3187 355 3238 79.
392 3171 501 3225 Camer.
520 3173 612 3239 places
631 3173 726 3227 bibitur
743 3180 772 3226 at
791 3172 839 3226 the
858 3180 1097 3228 commencement
1115 3174 1147 3227 ol
1164 3172 1219 3227 this
1236 3172 1300 3240 liue,
1320 3169 1375 3224 and
1391 3185 1423 3223 so

276 3241 356 3308 Vulg.
462 3242 548 3311 Neque
559 3245 689 3312 qur'squam
703 3243 790 3296 BCD.
843 3243 897 3295 Nee
908 3245 1039 3312 quisptam
1051 3244 1101 3299 W.

313 3317 356 3365 80.
391 3322 512 3364 eertunut
525 3311 587 3365 CD.
640 3324 736 3366 eertum
747 3311 820 3366 estB
839 3312 892 3365 and
910 3312 958 3366 the
976 3320 1042 3368 rest.
1146 3314 1308 3385 principium,
1325 3325 1357 3365 su
1372 3309 1421 3364 the

276 3381 359 3435 MSS.
405 3383 520 3451 principe
532 3382 614 3436 Both.
628 3383 702 3449 RW,
715 3382 803 3436 which
816 3397 879 3452 may
890 3382 925 3435 be
938 3383 1018 3451 n'ght.

313 3457 356 3505 81.
392 3469 432 3504 me
452 3452 492 3504 hic
512 3452 601 3517 decem,
621 3469 638 3505 a
658 3453 731 3522 conj.
750 3452 783 3506 of
799 3452 889 3519 Both„
911 3452 1038 3508 followed
1057 3454 1094 3524 by
1115 3453 1189 3509 RW.
1244 3472 1284 3507 me
1302 3453 1367 3506 isdec
1389 3449 1422 3505 B.

275 3524 336 3574 meis
349 3520 403 3573 Da.
457 3540 497 3574 me
507 3523 585 3576 ῖιιίειη
599 3522 680 3576 CDb.
733 3542 773 3576 me
783 3523 850 3576 hisce
861 3523 958 3579 Lamb.
968 3524 1047 3591 Vulg.

312 3597 354 3656 84,
368 3596 410 3655 85,
425 3594 466 3660 86,
481 3597 523 3659 87,
536 3607 583 3645 are
595 3593 728 3660 arranged
740 3593 777 3662 by
791 3594 816 3646 R
830 3594 857 3646 in
869 3594 917 3648 the
929 3593 1069 3662 following
1080 3594 1164 3647 order
1172 3597 1260 3658 2-86‚
1271 3599 1313 3660 87,
1325 3598 1368 3659 84,
1379 3595 1421 3654 85.

277 3661 333 3728 He,
346 3676 498 3727 moreover,
510 3663 610 3728 assigns
622 3664 670 3716 the
682 3664 773 3717 words
784 3675 812 3717 ut
823 3665 914 3717 videas
931 3702 938 3719 .
958 3702 965 3719 .
985 3702 992 3719 .
1003 3683 1095 3719 amare
1108 3672 1139 3720 to
1152 3664 1354 3729 Philematium,
1367 3661 1421 3717 and

275 3732 393 3799 changes
401 3751 459 3784 eom
472 3732 531 3785 into
542 3752 598 3786 eum
610 3734 714 3800 against
725 3734 773 3789 the
786 3734 867 3790 MSS.

310 3808 353 3868 84.
371 3804 394 3855 si
405 3821 503 3857 summo
515 3805 574 3857 lovi
585 3805 652 3858 vivo
663 3815 768 3875 argento
781 3803 926 3907 BbDvlffi
966 3808 989 3858 sr'
1002 3824 1099 3860 summo
1117 3805 1173 3859 iovi
1190 3804 1220 3856 bo
1237 3813 1339 3874 agento
1352 3840 1360 3856 .
1372 3840 1380 3855 .
1392 3838 1422 3854 ..

273 3912 339 3966 with
351 3928 386 3966 an
398 3927 508 3965 erasure
521 3911 570 3966 Ba.
623 3916 647 3966 si
657 3932 755 3967 summo
766 3915 821 3968 iovi
834 3952 842 3969 .
855 3914 888 3984 kg
899 3925 1004 3985 agent-o
1017 3955 1024 3969 .
1037 3954 1044 3968 .
1059 3954 1066 3968 .
1080 3954 1087 3968 .
1101 3955 1108 3969 .
1121 3914 1173 3969 Bb.
1225 3916 1249 3967 εἰ
1258 3931 1357 3967 suenmo
1368 3911 1423 3964 iovi

272 3987 343 4108 ign
344 3993 450 4121 ggenugo
454 3984 517 4108 51¹1,ss
514 3982 605 4107 {elge}
606 3984 815 4109 aiss--manifeetly
833 3991 955 4055 corrupt.
1008 4005 1105 4041 summo
1116 4004 1161 4055 ego
1174 3986 1233 4039 Iovi
1245 3984 1301 4037 illoc
1312 3990 1422 4051 argento

433 4149 538 4218 Edepol
556 4150 578 4203 si
597 4152 639 4204 vel
657 4166 765 4205 summo
785 4151 843 4206 lovi
862 4166 897 4206 eo
914 4157 1029 4219 argento
1047 4149 1259 4205 sacruficassem.

308 4253 352 4309 85.
387 4247 506 4299 locassem
526 4247 548 4298 is
566 4261 584 4299 a
602 4248 675 4316 conj.
695 4247 728 4302 of
744 4248 845 4317 Guyet,
865 4246 985 4317 adopted
1002 4246 1038 4317 by
1058 4245 1133 4301 RW.
1169 4246 1233 4301 The
1254 4246 1335 4299 MSS.
1353 4243 1422 4296 have

273 4314 437 4368 collocassem.

311 4388 353 4444 87.
390 4385 443 4451 Que
455 4383 539 4452 (que)
552 4384 575 4435 B
587 4384 641 4437 and
655 4403 696 4440 w.
710 4405 754 4453 94,
770 4404 828 4450 ¹²4·

311 4456 353 4505 88.
389 4453 582 4521 omnes,s0the
595 4454 676 4508 MSS.
731 4456 821 4510 Varro
833 4457 892 4512 LL.
904 4458 941 4512 ix.
955 4476 998 4525 54,
1010 4474 1037 4528 p.
1048 4476 1109 4525 494,
1121 4460 1223 4513 omneis.
