3218 4990
545 396 682 457 ACTVS
710 396 734 455 1.
789 394 923 457 SCENA
950 394 990 454 11.

236 592 301 654 GR.
331 585 433 650 Satin'
457 585 553 670 abiit,
577 603 692 668 neque,
714 583 799 666 quod
821 582 903 666 dixi,
926 581 1019 644 flocci
1042 578 1240 643 existumat?

190 690 271 764 Proh
293 697 326 760 di
351 696 551 779 inmortales,
573 714 705 780 opsecro
728 701 871 756 vostram
893 692 1003 775 fidem,

191 809 316 891 Facite,
338 807 399 870 huc
420 815 456 869 ut
479 806 589 869 redeat
612 813 722 869 noster
744 822 840 886 quam
864 805 1004 888 primum
1031 820 1141 884 senex,

191 919 389 984 Triennium
412 917 467 999 qui
491 917 558 979 iam
580 917 656 980 hinc
678 915 782 1000 abest,
805 916 990 999 priusquam
1013 913 1126 976 omnia

190 1029 329 1113 Periere,
352 1036 386 1091 et
408 1028 498 1091 aedis
520 1035 556 1092 et
578 1047 662 1113 ager.
705 1027 772 1115 Qi
795 1026 860 1089 nisi
883 1026 944 1088 huc
967 1024 1064 1107 redit,

192 1140 367 1204 Paucorum
390 1156 538 1203 mensum
562 1148 638 1202 sunt
661 1139 794 1202 relictae
817 1137 980 1219 reliquiae

194 1251 294 1315 Nunc
318 1269 369 1314 rus
390 1252 506 1314 abibo:
536 1270 613 1314 nam
636 1268 748 1316 eccum
770 1248 906 1310 herilem
928 1246 1031 1309 filium

173 1362 310 1448 0Video,
335 1370 518 1448 corruptum
543 1381 583 1426 ex
606 1361 813 1426 adulescente
836 1368 980 1443 optumo.

482 1600 663 1723 ncrvs
698 1649 727 1724 1.
793 1647 977 1753 senua
1012 1647 1063 1721 11.

608 1810 937 1907 prrmomcrr'ns.

197 2015 395 2080 Recordatus
418 2017 555 2081 multum
577 2028 611 2083 et
632 2019 691 2082 diu
714 2019 871 2101 cogitavi,

198 2128 458 2210 Argumentaque
481 2130 516 2191 in
539 2140 651 2213 pectus
676 2131 777 2192 multa
798 2129 927 2192 institui

198 2236 278 2321 Ego,
299 2246 393 2320 atque
417 2240 453 2301 in
478 2258 552 2302 meo
573 2241 679 2324 corde,
702 2243 730 2304 si
754 2248 804 2303 est
828 2237 911 2322 quod
937 2238 1017 2300 mihi
1042 2256 1107 2319 cor,

198 2346 278 2409 Eam
301 2367 370 2410 rem
392 2348 536 2412 volutavi
559 2360 594 2414 et
617 2351 671 2415 diu
694 2351 871 2436 disputavi,

198 2456 377 2523 Hominem
399 2460 512 2541 quoius
534 2462 594 2546 rei,
615 2463 742 2545 quando
764 2472 858 2529 natus
881 2470 944 2543 est,

197 2566 344 2631 Similem
367 2589 437 2633 esse
461 2573 629 2636 arbitrarer
651 2573 918 2655 simulacrumque
941 2569 1066 2632 habere.

197 2676 235 2741 Id
256 2682 381 2763 repperi
405 2682 472 2745 iam
493 2685 686 2768 exemplum.

200 2788 370 2852 Novarum
391 2792 521 2857 aedium
541 2814 612 2858 esse
634 2797 771 2858 arbitror
797 2794 941 2857 similem
962 2809 1023 2875 ego
1045 2789 1223 2873 hominem,

233 3008 279 3060 74.
313 2998 462 3051 inmortales
474 2998 508 3051 C.

236 3081 280 3128 77.
314 3066 367 3119 edis
412 3067 503 3137 nom.)
527 3067 636 3124 BCFZ.
741 3073 789 3125 huc
818 3071 884 3125 redit
913 3068 961 3123 the
992 3067 1073 3121 MSS.
1138 3085 1202 3121 nunc
1226 3065 1292 3119 redit
1311 3063 1347 3119 R.

201 3133 228 3186 R
246 3150 375 3203 supposes
392 3142 404 3188 t
440 3139 557 3193 taline
575 3139 623 3194 has
640 3140 721 3196 fallen
741 3148 789 3195 out
808 3141 934 3195 between
954 3155 986 3203 77
1006 3138 1060 3193 and
1080 3142 1123 3203 78.

226 3208 289 3326 '783
312 3207 538 3329 Ir3rrep3s1onLamb.
591 3231 720 3266 mensum
732 3213 820 3266 BcD.
873 3212 995 3265 mererium
1010 3209 1157 3277 FZ.Vulg.
1263 3207 1348 3261 relicte

199 3292 301 3343 rerqw
336 3292 352 3329 a
379 3317 386 3331 .
579 3331 590 3355 t

236 3360 279 3412 79.
313 3366 396 3401 eccum
409 3348 523 3405 CDFZ.
575 3371 664 3421 equum
677 3351 710 3407 B.
763 3353 887 3422 hicquom
901 3351 937 3407 R.

203 3486 209 3499 ι
235 3419 278 3470 ao.
313 3430 458 3488 corruptum
474 3440 515 3487 ex,
533 3437 565 3474 so
582 3423 630 3476 the
650 3423 731 3476 MSS.
784 3434 928 3493 comptum
946 3424 987 3477 bic
1003 3440 1035 3474 ex
1053 3420 1148 3492 Pylad.
1201 3432 1346 3491 comptum

198 3495 238 3539 tta
257 3505 289 3540 ex
309 3487 343 3543 R.
449 3491 603 3546 adulescmte
627 3492 686 3546 ΒΖ.
740 3492 803 3547 The
824 3501 881 3548 rest
904 3494 1063 3548 adolescente.
1171 3490 1347 3562 Rsupposes

199 3554 549 3645 thatalinehasdropped
562 3567 611 3617 ont
623 3562 695 3617 after
707 3566 751 3617 80.

240 3739 273 3794 ln
285 3740 458 3815 distributing
475 3748 524 3801 the
538 3748 677 3819 following
696 3751 783 3805 Scene
802 3751 861 3805 into
879 3752 955 3819 lines,
967 3766 1009 3804 we
1027 3749 1096 3804 have
1114 3749 1235 3804 adhered
1247 3749 1350 3817 closely

199 3817 231 3865 to
249 3811 298 3895 the
319 3825 512 3883 arrangement
531 3819 564 3872 os
581 3819 614 3875 B.
651 3821 805 3890 Hermann,
825 3822 938 3888 Ritschl,
958 3820 1062 3885 Weise‚
1083 3821 1138 3873 and
1156 3819 1260 3886 others,
1281 3819 1350 3873 have

199 3882 273 3936 their
284 3898 347 3938 own
360 3888 485 3941 metrical
497 3889 588 3955 riews,
601 3907 618 3942 u
656 3907 674 3944 n
686 3891 776 3946 which
789 3893 810 3946 it
823 3893 845 3946 is
857 3893 933 3961 quite
946 3906 1129 3958 unnecessary
1140 3895 1171 3942 to
1182 3888 1302 3954 enlarge.

238 3971 262 4008 1.
297 3956 406 4041 multum
418 3959 559 4027 smera,
572 3907 688 4017 witffiut
699 3980 753 4032 any
766 3963 827 4017 MS.
840 3963 988 4029 authority.
1051 4027 1056 4038 Ι
1161 4021 1194 4034 ..
1335 3992 1339 3999 .

237 4042 262 4077 a.
299 4026 322 4077 C
342 4034 424 4081 omits
443 4030 470 4083 in
519 4040 583 4085 ctus.
689 4033 753 4087 The
772 4034 854 4086 MSS.
872 4032 939 4084 have
957 4028 1065 4081 histum.
1116 4024 1236 4086 Rerzius,
1256 4021 1291 4088 R,
1304 4018 1352 4084 W,

200 4093 256 4146 and
267 4093 369 4160 (ithess,
382 4096 451 4152 have
462 4042 582 4169 nsspted
595 4103 710 4157 institivi
721 4103 765 4156 for
777 4103 824 4154 the
836 4100 901 4153 sake
913 4097 946 4151 of
954 4096 1001 4148 the
1014 4098 1114 4171 metr-e.

194 4232 198 4239 ,
239 4179 263 4229 3,
277 4182 303 4228 4·
339 4165 434 4221 These
446 4176 503 4223 two
514 4171 582 4224 lines
593 4189 641 4227 are
653 4171 805 4226 bracketed
819 4168 856 4235 by
870 4168 895 4217 R
908 4158 1166 4228 asinterpolatrons.

237 4251 263 4297 4·
299 4233 349 4301 Ψ,
361 4235 499 4307 f⁰ll0wing
512 4241 666 4307 Hermann,
678 4242 726 4293 has
738 4237 860 4290 volutavi
871 4254 928 4287 eam
940 4252 1004 4287 mm.

195 4312 198 4319 “
239 4319 264 4369 5,
278 4306 304 4357 6.
341 4306 438 4361 sothe
451 4309 533 4365 MSS.
588 4304 830 4370 Risdissatlsfied‚
843 4303 973 4357 andthus
984 4296 1247 4355 remodelsthem-

250 4390 404 4448 Hominem
416 4397 514 4465 quoius
527 4397 568 4451 rei
581 4396 696 4451 similem
709 4408 768 4447 esse
780 4390 929 4446 arbitrarer
939 4386 1180 4461 [simulacrumque
1192 4388 1317 4460 habere].

238 4480 264 4531 8.
298 4481 381 4534 edium
395 4481 428 4536 Β.
