3218 4990
283 367 320 427 16
607 366 759 428 PLAVTl
788 366 1094 429 MOSTELLARIA.

320 555 373 618 Sa.
412 551 536 616 Inscita
565 560 688 616 ecastor
721 562 757 617 tu
786 553 916 635 quidem
944 573 989 617 es.
1056 557 1122 617 ΡΗ.
1153 551 1379 642 Qapropter?

405 669 459 731 Sc.
491 665 583 753 Qae
606 666 688 728 istuc
710 685 812 750 cures,

274 777 318 842 Vt
334 786 367 842 te
384 779 441 841 ille
457 787 553 845 amet.
598 781 664 844 Pa.
681 776 760 864 Cur,
776 799 919 864 opsecro,
933 800 1001 843 non
1016 780 1148 843 curem?
1193 781 1247 843 Sc.
1265 775 1381 840 Libera

405 910 440 955 es
463 892 540 954 iam.

274 1000 328 1065 Tu
351 1002 428 1086 iam,
450 1000 533 1084 quod
554 1002 739 1086 quaerebas,
761 1002 878 1065 habes:
907 1001 963 1064 ille
985 1010 1019 1064 te
1042 1001 1107 1063 nisi
1130 999 1253 1063 amabit
1274 990 1392 1083 ultr0„

275 1111 324 1198 Id,
346 1133 403 1198 pro
425 1114 533 1197 capite
553 1121 612 1175 tuo
632 1112 717 1195 quod
738 1113 841 1197 dedit,
863 1111 1037 1197 perdiderit
1059 1118 1187 1175 tantum
1209 1111 1346 1193 argenti.

317 1228 421 1289 Para.
456 1223 543 1288 Perii
580 1224 698 1309 hercle,
734 1225 772 1286 ni
806 1243 866 1307 ego
902 1223 1002 1287 illam·
1030 1222 1187 1307 pessumis
1223 1222 1379 1306 exemplis

403 1337 561 1400 enicasso.
1379 1349 1421 1418 55

272 1443 333 1509 Illa
354 1447 437 1510 hanc
458 1448 631 1533 corrumpit
654 1447 821 1512 mulierem
843 1445 1026 1510 malesuada
1047 1446 1195 1509 vitilena

314 1559 381 1619 Pa.
404 1557 592 1642 Numquam
608 1579 668 1643 ego
684 1561 732 1624 illi
748 1578 875 1645 possum
893 1538 1031 1644 gratiam
1046 1559 1175 1643 referre,
1189 1566 1225 1622 ut
1243 1557 1377 1620 meritus

400 1674 451 1729 est
473 1666 513 1730 de
536 1686 600 1750 me,

268 1774 408 1858 Scapha:
439 1775 471 1838 id
494 1784 530 1838 tu
552 1777 634 1839 mihi
658 1798 700 1841 ne
721 1780 865 1861 suadeas,
888 1781 1037 1843 utillum
1059 1746 1196 1842 minoris
1218 1779 1365 1864 pendam.

312 1888 368 1948 Sc.
397 1886 444 1949 At
476 1885 535 1948 hoc
569 1905 669 1948 unum
703 1886 804 1951 facito
840 1889 973 1970 cogites,
1009 1890 1038 1950 si
1076 1889 1168 1949 illum
1201 1889 1374 1949 inservibis

399 1995 447 2058 sol

269 2108 358 2173 Dum
371 2107 434 2170 tibi
447 2014 539 2171 :Illic
552 2107 632 2171 haec
648 2107 791 2172 aetatula
807 2116 870 2193 est,
886 2109 921 2170 in
940 2116 1071 2170 senecta
1088 2105 1172 2169 male
1189 2123 1329 2188 querere.
1373 2106 1415 2166 60

313 2225 416 2285 Pala.
445 2218 485 2284 In
514 2220 667 2302 anginam
694 2240 754 2304 ego
783 2241 869 2284 nunc
898 2239 950 2282 me
976 2220 1077 2282 velim
1099 2219 1197 2301 vorti,
1218 2227 1253 2279 ut
1276 2236 1375 2279 vene·

401 2331 479 2396 licae
502 2331 553 2394 illi

270 2444 389 2509 Fauces
410 2441 616 2529 prehendam,
637 2452 733 2525 atque
759 2444 886 2505 enicem
907 2439 1079 2504 scelestam
1101 2439 1360 2503 stimulatricem.

314 2561 381 2620 Pa.
413 2553 560 2619 Eundem
589 2554 735 2617 animum
764 2560 890 2637 oportet
915 2570 1000 2616 nunc
1028 2551 1109 2614 mihi
1139 2571 1210 2616 esse
1238 2561 1375 2636 gratunr,

401 2676 438 2731 ut
460 2668 644 2754 impetravi,

272 2782 379 2864 Atque
400 2779 492 2865 olim,
514 2780 696 2863 priusquam
721 2778 754 2841 id
777 2777 898 2862 extudi,
919 2795 1016 2861 quom
1039 2778 1090 2841 illi
1112 2777 1366 2843 subblandiebar.

308 3055 351 3104 51.
388 3040 485 3091 Inscita
501 3048 600 3090 ecastor
613 3039 670 3092 ΕΖ.
725 3041 816 3092 insiste
831 3049 930 3091 ecastor
942 3039 975 3093 B.
1026 3042 1114 3093 insiste
1130 3051 1216 3094 castor·
1231 3042 1263 3094 C.
1316 3044 1416 3096 inclite·

270 3120 357 3163 castor
369 3108 406 3161 D.
443 3108 507 3160 The
519 3109 674 3161 correction
686 3108 719 3161 of
727 3109 805 3161 these
818 3116 930 3175 corrupt
942 3109 1028 3162 forms
1040 3112 1062 3163 is
1074 3127 1137 3180 easy
1147 3112 1201 3164 and
1214 3113 1327 3167 certain.

308 3197 350 3245 51,
365 3196 408 3245 32·
445 3216 452 3230 .
472 3216 479 3232 .
498 3181 581 3230 ,istuc
593 3181 732 3231 cures=Vt
744 3189 768 3231 te
779 3178 828 3244 ille,
840 3195 872 3230 so
884 3179 978 3247 Pylad.
1031 3200 1101 3234 cures
1114 3182 1136 3235 is
1148 3182 1264 3236 omitted
1277 3184 1304 3235 in
1318 3183 1404 3238 BCD.

307 3266 349 3315 53.
385 3247 504 3317 querelas
516 3248 590 3301 Bac,

307 3336 351 3385 54·
386 3320 420 3371 Id
430 3330 481 3388 pro
499 3321 580 3387 capite
599 3329 648 3384 tuo,
672 3334 703 3371 so
722 3318 770 3370 the
793 3318 872 3371 MSS.
927 3320 960 3371 ld
970 3331 1021 3389 pro
1040 3332 1082 3375 ruo
1103 3325 1184 3393 capite
1204 3324 1251 3377 W.
1306 3323 1416 3377 Rthus

270 3396 456 3443 reconstructs
468 3388 515 3442 the
528 3389 618 3441 line-

484 3483 540 3536 Pro
557 3484 647 3551 capite
664 3490 714 3536 tuo
731 3491 864 3552 quantum
882 3484 958 3539 dedit
995 3526 1180 3543 .....

307 3587 351 3648 5⁶.
387 3584 532 3652 commit,
556 3598 587 3635 so
610 3583 658 3635 the
683 3582 763 3636 MSS.
819 3596 959 3654 corrumpier
984 3585 1018 3639 R.
1124 3589 1274 3642 malesuada
1297 3588 1414 3642 vitileaa.

270 3653 340 3707 This
359 3654 382 3707 is
400 3654 448 3708 the
472 3660 552 3707 exact
577 3653 688 3719 reading
712 3653 744 3706 of
765 3654 803 3708 D.
856 3656 1038 3727 malesuadam,
1052 3657 1161 3711 mitilena
1181 3659 1213 3713 Β.
1267 3660 1416 3714 malesuada

270 3726 380 3779 Vtrilena
405 3726 438 3779 C.
503 3723 651 3777 malesuada
676 3726 718 3777 Vtr'
741 3726 798 3778 lena
819 3725 850 3778 F.
918 3727 942 3779 R
968 3727 1015 3780 has
1039 3727 1188 3783 malesuada
1210 3733 1325 3784 invitam
1349 3730 1415 3796 lena,

268 3795 358 3851 which
376 3797 398 3849 is
416 3811 493 3849 more
511 3794 641 3864 plausible
658 3794 724 3848 than
743 3796 784 3848 his
801 3797 975 3864 conjectures
991 3799 1093 3867 usually
1109 3816 1165 3854 are.
1218 3803 1281 3853 vitii
1298 3800 1354 3855 lma
1366 3800 1414 3866 W,

267 3867 406 3934 following
417 3866 515 3920 Lamb.
713 3895 724 3927 a

304 3956 347 4005 59.
382 3940 503 3993 immid
515 3937 583 3990 Ba.·
616 3939 737 3991 inserviis
750 3936 800 3991 Bb.

304 4014 348 4064 60.
383 4008 519 4064 aetauleu
532 4007 564 4061 B.
617 4008 734 4062 aetatula
744 4017 783 4059 est
793 4007 841 4060 the
854 4016 918 4063 rest.

302 4085 346 4135 61.
381 4083 488 4150 aginam
507 4078 555 4132 Ba.
661 4099 701 4133 me
718 4078 806 4145 velim,
822 4079 916 4133 sothe
932 4080 1012 4133 MSS.
1066 4100 1106 4134 me
1122 4082 1143 4135 is
1160 4080 1277 4136 omitted
1295 4080 1415 4147 inVulg.

265 4153 338 4204 vorti
350 4152 382 4205 B.
436 4152 507 4202 verti
519 4150 572 4203 DF
575 4150 607 4203 Z.
714 4150 823 4219 benefica
836 4150 884 4204 Ba.

265 4223 346 4338 ἐκ.
373 4221 465 4285 fauces
485 4220 518 4271 all
538 4221 585 4273 the
606 4221 687 4274 Mss,
800 4223 891 4274 enicem
916 4222 964 4275 Ba.
1025 4190 1116 4275 calcem
1141 4223 1192 4277 Bb.
1253 4241 1347 4276 mercem
1367 4220 1415 4273 the

301 4324 345 4414 ⁶}-
380 4356 521 4421 impetravi
531 4359 567 4416 Z.
620 4362 772 4426 impetravit
785 4360 872 4413 BDF.
925 4365 935 4414 r'
989 4366 1065 4416 ravit
1076 4364 1109 4416 C.

302 4422 345 4480 64.
380 4425 563 4485 exsudi‚soB.
618 4427 681 4479 The
695 4437 750 4480 rest
763 4429 795 4480 of
804 4430 851 4482 the
865 4430 945 4484 MSS.
977 4434 1125 4487 aveexeuli.
