3164 4994
545 346 683 408 ACTVS
711 348 747 405 V.
802 346 935 406 SCENA
962 348 1002 407 11.

195 531 277 595 Non
298 530 454 594 radicitus
475 531 605 614 quidem
629 532 746 616 hercle,
767 551 878 594 verum
901 533 1003 595 etiam
1025 532 1210 598 eradicitus.

197 643 386 725 Numquam
408 641 522 726 edepol
544 642 623 706 haec
646 641 741 706 hodie
764 642 888 706 inultus
909 642 1156 716 destinaveris„
1177 642 1258 707 Tibi

194 751 265 816 lam
287 753 404 815 iubebo
427 753 537 835 ignem
560 761 594 816 et
616 771 754 836 sannen,
776 751 939 837 carnufex,
960 752 1160 817 circumdari.
1301 771 1345 838 50

241 867 302 929 Tre.
340 863 397 927 Ne
433 863 538 928 faris:
575 883 652 928 narn
688 864 791 928 elixus
828 883 909 949 esse,
945 883 1041 946 quarn
1076 884 1176 949 assus,
1212 862 1301 926 soleo

322 976 461 1040 suavior.

241 1090 301 1150 ΤΗ.
323 1086 479 1172 Exempla
493 1087 606 1172 edepol
621 1087 740 1151 faciam
753 1106 814 1172 ego
830 1089 924 1152 inte.
987 1091 1048 1151 Tre.
1072 1087 1160 1175 Qia
1177 1086 1299 1171 placeo,

322 1198 504 1283 exemplum
526 1200 661 1283 expetis.

241 1313 301 1374 ΤΗ.
330 1309 497 1394 Loquere:
529 1310 732 1395 quoiusmodi
767 1312 895 1396 reliqui,
923 1330 1021 1395 quom
1050 1312 1128 1375 hinc
1156 1311 1298 1396 abibam,

322 1421 448 1488 filium?

241 1537 303 1598 Tre.
325 1533 413 1598 Cum
435 1537 577 1621 pedibus,
596 1538 757 1622 manibus,
779 1556 851 1601 cum
874 1537 1001 1622 digitis,
1023 1536 1163 1620 auribus,
1184 1536 1298 1620 oculis,

324 1646 432 1710 labris.

242 1764 302 1824 ΤΗ.
333 1761 433 1825 Aliud
464 1771 497 1825 te
530 1782 615 1847 rogo.
685 1767 747 1828 Tre.
782 1763 881 1826 Aliud
912 1782 987 1847 ergo
1024 1782 1110 1826 nunc
1145 1762 1209 1824 tibi
1247 1779 1296 1824 re·

322 1873 473 1958 spondeo·
1297 1887 1339 1957 55

189 1983 251 2049 Sed
273 2004 384 2049 eccum
406 1986 457 2048 tui
478 1987 569 2068 gnati
592 1985 735 2050 sodalem
757 1987 853 2051 video
875 1988 935 2051 huc
957 1985 1118 2068 incedere,

192 2094 466 2161 Callidamatem:
497 2097 556 2161 illo
578 2108 746 2183 praesente
768 2117 895 2164 mecum
921 2100 1021 2184 agito,
1043 2099 1072 2161 si
1095 2094 1172 2180 quid
1195 2094 1294 2159 voles.

229 2398 271 2458 48.
306 2395 441 2450 eradicitus
452 2396 500 2450 the
513 2396 602 2465 MSS,
614 2404 664 2451 not
675 2399 838 2464 exradtcitm,
850 2414 880 2452 as
893 2396 918 2451 R
931 2397 980 2450 has
992 2398 1022 2450 it.

227 2482 270 2530 49.
305 2484 441 2535 nmquam
454 2467 487 2533 B,
499 2467 552 2521 and
565 2467 681 2536 perhaps
692 2467 740 2521 the
753 2475 819 2522 rest.

190 2603 213 2656 B
225 2552 327 2659 {gg-⁵⁰⁶
363 2537 457 2592 These
469 2537 538 2591 lines
551 2553 652 2608 appear
663 2538 691 2591 iu
703 2554 720 2592 a
732 2537 863 2592 confused
878 2538 933 2592 and
945 2543 1058 2606 corrupt
1070 2535 1142 2590 form
1155 2536 1182 2589 in
1194 2535 1242 2589 the
1255 2535 1337 2591 MSS.

329 2695 373 2747 l'r.
397 2693 555 2763 Numquam
574 2694 671 2762 edepol
690 2694 772 2747 hodie
791 2694 892 2749 inditus
910 2693 1048 2747 destinant
1065 2691 1124 2747 tibi.

329 2765 375 2818 rh.
396 2764 456 2818 lam
473 2765 556 2818 iubeo
573 2765 665 2832 ignem
682 2772 712 2818 et
729 2780 837 2819 sarmen
855 2764 977 2819 carnifex
995 2762 1166 2830 circumdari,

189 2857 282 2912 where
302 2857 351 2913 the
369 2859 451 2913 other
469 2859 551 2914 MSS.
570 2861 639 2914 omit
663 2863 706 2914 Tr.
727 2860 781 2914 and
801 2861 846 2914 rh.
900 2859 1011 2914 Instead
1030 2858 1063 2913 oi
1079 2859 1173 2913 inditus
1193 2859 1246 2913 CD
1269 2858 1337 2913 have

188 2930 297 2982 invitus.
350 2931 412 2983 haec
427 2931 448 2984 is
466 2930 520 2983 due
535 2937 566 2984 to
580 2930 733 2998 Acidalius;
750 2930 845 2984 inultus
856 2937 888 2985 to
900 2931 980 2996 Pius3
998 2931 1167 2983 destinaverit
1178 2935 1210 2983 to
1222 2930 1337 2983 Camer-

188 3000 276 3067 arius3
293 2999 378 3053 iubebo
388 3007 420 3054 to
432 3001 557 3070 Pylades.
593 3001 730 3055 Different
741 3002 845 3055 editors
862 3001 931 3054 have
948 3001 1068 3070 adopted
1080 3000 1186 3055 various
1204 3000 1336 3055 emenda·

188 3069 269 3138 tious,
283 3069 318 3139 R,
330 3087 359 3125 as
370 3071 455 3140 usual,
466 3072 515 3125 the
527 3071 596 3125 least
607 3070 737 3141 probable
750 3071 783 3125 of
791 3072 834 3126 all.
888 3072 926 3122 W
939 3071 1023 3126 has-

329 3165 476 3236 Nunquam
497 3166 595 3235 edepol
614 3166 667 3221 hoc
685 3167 766 3220 hodie
784 3167 884 3222 inultus
901 3165 1086 3221 destinaveris.
1122 3165 1188 3220 Tibi

330 3237 390 3291 lam
407 3238 509 3292 iubebo
526 3238 618 3305 ignem
635 3244 665 3291 et
682 3245 827 3306 sarmenta,
845 3238 985 3304 carnufex,
1003 3236 1177 3292 circumdari.

224 3348 267 3396 51.
303 3333 345 3385 Ne
348 3332 436 3400 faxis,
452 3352 514 3385 nam
527 3331 605 3387 Bbz.
657 3332 783 3400 Nefaxis
794 3335 830 3387 ris
842 3353 903 3387 nam
918 3332 1021 3387 BaDF.
1066 3332 1146 3400 saxis
1162 3334 1197 3386 sis
1212 3351 1290 3385 unam
1303 3332 1337 3386 C.

186 3401 249 3455 soleo
261 3402 341 3470 Vulg.
393 3402 454 3457 solio
466 3403 586 3457 Bactra.

222 3489 267 3556 ‚⁵²⁹
293 3474 398 3542 fatiam
418 3474 451 3529 B.
556 3474 625 3543 Quia
637 3473 733 3543 placeo,
751 3490 782 3528 so
799 3474 847 3528 the
867 3473 948 3530 MSS.
995 3472 1093 3544 placeo,
1110 3492 1137 3526 eo
1156 3472 1191 3541 R,
1209 3472 1337 3540 oniitting

221 3630 266 3681 53.
300 3615 454 3683 quoiusmodi
466 3614 499 3669 C.
552 3631 578 3668 v.
592 3614 756 3682 szquomB.

221 3701 265 3750 54.
300 3686 388 3755 digitis
401 3686 479 3755 Vulg.
531 3684 615 3738 dicitis
628 3684 676 3740 Ba.
730 3686 811 3740 dicitis
825 3686 878 3739 Da.

221 3770 266 3821 55.
300 3755 537 3825 ergonuncCDF.
589 3774 709 3825 egonunc
722 3756 781 3811 BZ.
833 3774 893 3826 ergo
904 3774 969 3809 nunc
980 3774 1025 3825 ego
1038 3753 1072 3809 R.

221 3828 266 3891 56.
300 3844 384 3881 eccum
402 3830 441 3881 tui
453 3825 603 3929 gnatimFZ.
656 3828 717 3881 haec
734 3845 790 3880 cum
805 3828 844 3879 tui
855 3828 945 3896 gnatis
959 3825 982 3878 B
995 3824 1089 3895 (gnati
1101 3820 1168 3890 Bb).
1220 3822 1261 3873 bic
1278 3836 1335 3875 curn

183 3943 213 3988 re
236 3935 320 4005 wia?
339 3936 374 3992 C.
426 3937 525 3991 heccum
548 3940 559 3990 i
578 3939 655 4007 gnat'
675 3938 712 3991 D.
818 3936 893 3989 video
916 3936 964 3988 huc
988 3934 1036 3988 the
1058 3933 1139 3985 MSS.
1158 3928 1190 3983 of
1209 3930 1334 3997 Pylades.

183 4006 258 4089 video
281 4007 338 4061 bute
362 4007 450 4064 BCD.
515 4009 589 4063 video
612 4008 653 4060 hic
679 4007 736 4061 FZ.
806 4006 899 4059 videod
920 4005 967 4057 hue
992 4001 1087 4072 W(!).
1150 4000 1198 4051 huc
1227 3999 1265 4052 ad
1286 4017 1334 4052 vos
1392 4028 1395 4033 ·

183 4076 263 4213 νιξῖ.
271 4075 369 4219 Regite
380 4149 443 4204 CD.
