3164 4994
524 393 658 454 ACTVS
688 394 739 452 IV.
794 394 928 454 SCENA
955 395 996 453 ΙΙ.
1289 393 1329 471 67

183 580 293 644 Heus!
320 580 432 660 ecquis
453 577 506 640 hic
528 586 579 639 est
601 595 782 641 maxumam
803 580 857 660 qui
880 579 931 641 his
955 579 1107 640 iniuriam

184 690 315 752 Foribus
337 686 515 750 defendat?
539 690 660 772 coquis,
680 690 787 771 ecquis
810 690 870 752 huc
892 691 960 751 exit
981 698 1077 771 atque
1098 688 1226 771 aperit?
1287 707 1330 768 40

186 800 296 863 Nemo
323 799 401 862 hinc
429 799 560 881 quidem
588 798 674 861 foras
704 800 791 866 exit:
824 807 860 861 ut
889 818 959 863 esse
989 798 1121 862 addecet
1152 815 1287 879 nequam

313 911 462 972 homines
485 912 533 972 ita
555 917 649 971 sunt:
1054 980 1058 991 Ι

184 1021 245 1085 Sed
270 1040 310 1083 eo
336 1022 438 1102 magis
463 1028 558 1084 cauto
587 1027 636 1082 cst
662 1038 752 1102 opus,
775 1039 816 1081 ne
842 1020 902 1083 huc
928 1029 1021 1083 exeat
1044 1022 1098 1103 qui
1126 1019 1210 1081 male
1236 1036 1288 1080 me

315 1132 442 1193 mulcet.

455 1468 635 1542 ACTVS
674 1468 740 1542 lV.
814 1468 997 1541 SCENA
1038 1469 1088 1541 ll.

490 1669 665 1730 TRANIO.
711 1668 805 1730 THE
809 1667 1037 1730 VROPIDES.

236 1861 296 1920 Tre.
331 1856 418 1947 Qid
454 1859 515 1920 tibi
549 1861 653 1921 visum
689 1867 739 1922 est
776 1858 1006 1922 mercimonii?
1090 1860 1150 1920 ΤΗ.
1183 1856 1289 1920 Totus

304 1947 446 2050 'gaudeo
745 2049 751 2059 Ι

234 2082 293 2142 Tre.
316 2078 409 2141 Num
432 2080 537 2141 nimio
558 2091 685 2164 emptae
708 2081 771 2143 tibi
792 2080 965 2144 videntur?
1017 2083 1078 2141 ΤΗ.
1102 2077 1290 2160 Numquam

316 2190 426 2274 edepol
450 2209 510 2273 ego
531 2209 582 2254 me
605 2193 675 2255 scio

119 2354 122 2359 ,
188 2297 317 2363 Vidisse
335 2320 485 2384 umquam
505 2303 647 2366 abiectas
667 2302 773 2386 aedes,
791 2303 857 2364 nisi
878 2300 975 2364 modo
993 2301 1097 2362 hasce.
1146 2302 1207 2361 TR.
1230 2296 1289 2360 Ec·

316 2411 392 2494 quid
415 2413 568 2496 placent?

235 2525 295 2588 ΤΗ.
333 2522 455 2607 Ecquid
491 2525 651 2609 placeant,
689 2542 739 2585 me
781 2523 896 2604 rogas?
962 2518 1033 2582 Imo
1072 2519 1177 2582 hercle
1213 2537 1290 2580 vero

316 2635 510 2719 perplacent.

234 2742 764 2833 TR.Q19iusmodigunaeceum!
795 2741 872 2825 quid
897 2740 1079 2826 porticum?
1147 2742 1207 2801 Tra
1235 2735 1289 2799 In-

206 2852 212 2866 '
316 2877 429 2921 sanum
451 2858 580 2920 bonam.
1311 2864 1332 2931 5

187 2968 268 3032 Non
297 2969 445 3053 equidem
473 2968 572 3031 ullam
603 2970 640 3030 in
669 2966 798 3051 publico
830 2984 900 3029 esse
930 2966 1087 3028 maiorem
1116 2962 1175 3024 hac
1205 2962 1289 3023 exis·

315 3088 413 3143 tumo.

224 3412 266 3461 39.
301 3399 390 3465 ecquis,
414 3396 494 3463 ecquis
519 3393 576 3445 FZ.
629 3394 734 3460 hecquo,
757 3394 836 3459 ecquis
860 3389 892 3443 B.
945 3390 1041 3457 hecquis
1064 3389 1161 3459 hecqois
1181 3387 1218 3440 D.
1272 3388 1332 3440 haec

185 3469 239 3534 quis
252 3467 313 3519 hacc
325 3468 378 3533 quis
392 3466 424 3518 C.
478 3466 623 3516 maximam
634 3462 682 3515 the
695 3461 776 3514 MSS.

222 3554 266 3601 40.
302 3537 399 3603 hecquis
411 3536 491 3602 ecquis
504 3533 536 3597 B,
549 3532 690 3599 certainly.

221 3624 265 3670 42.
303 3607 385 3659 Some
397 3603 430 3657 of
438 3605 485 3657 the
499 3603 579 3656 MSS.
592 3602 659 3656 have
671 3601 769 3668 mulcet,
782 3599 876 3653 others
888 3600 984 3653 multet.

584 3744 593 3749 .
603 3744 703 3750 ----
716 3744 793 3749 ..m
815 3742 927 3749 ..ι-.-

225 3848 247 3883 ι.
282 3840 320 3882 est
337 3831 499 3893 mercimonii,
517 3844 548 3881 so
565 3827 613 3880 the
632 3826 713 3880 MSS.
783 3836 820 3877 est
840 3825 885 3875 hoc
907 3820 1051 3875 mercimoni
1072 3818 1167 3887 Pylad.
1186 3817 1264 3881 Vulg.
1283 3815 1332 3868 W.

185 3904 298 3954 visumst
308 3901 454 3952 mercimoni
466 3896 521 3967 [hoc
533 3896 595 3967 esse]
610 3896 645 3950 R.
989 3958 995 3970 ι

223 3989 247 4024 a.
283 3979 363 4050 rmpte
386 3968 419 4022 C.
541 3966 689 4088 ediqulsfgo
713 3962 827 4016 CDFZ.
894 3960 916 4010 B
941 3963 1023 4010 omns
1045 3974 1097 4023 ego,
1122 3952 1176 4007 and
1200 3966 1231 4003 so
1253 3950 1332 4016 Vulg.

185 4040 373 4107 scio,soP1uS.
427 4040 488 4091 scito
501 4039 549 4091 the
798 4064 801 4067 ·

225 4128 249 4176 3.
285 4128 404 4177 umquam
427 4108 475 4161 the
500 4108 581 4159 MSS.
635 4103 712 4155 Most
739 4098 811 4165 edd„
835 4096 972 4160 following
996 4092 1100 4159 Dousn,
1124 4089 1193 4144 have
1217 4105 1331 4156 mquam.

186 4181 297 4236 abiectas
310 4180 363 4233 Dc.
420 4179 531 4231 abiectas
545 4170 783 4239 BbCDZ,andso
796 4166 921 4232 Scaliger.
975 4161 1092 4216 obiectas
1106 4160 1154 4213 Ba.
1259 4158 1331 4211 aedes

186 4249 275 4372 pace.)
296 4249 344 4302 the
367 4249 447 4302 MSS.
553 4242 658 4312 Ecquid.
694 4240 758 4293 The
782 4237 863 4290 MSS.
885 4240 993 4303 present
1017 4247 1034 4285 a
1057 4232 1141 4284 series
1164 4225 1197 4280 of
1217 4235 1332 4300 corrupt

198 4336 281 4373 orms.
334 4320 452 4386 Hacqoid
464 4317 513 4371 Ba.
568 4313 668 4382 Acqro'd
678 4311 730 4365 Bb.
783 4305 967 4375 HaecqoidC,
980 4303 1030 4356 but
1043 4302 1071 4355 D
1084 4301 1132 4355 has
1143 4300 1260 4367 Hecqoid.

223 4410 249 4455 4.
285 4389 516 4458 Ecquidplaceam‚
528 4402 560 4440 so
573 4385 680 4438 Camer.
734 4379 797 4433 The
810 4377 890 4431 MSS.
903 4376 970 4462 haye
979 4374 1088 4444 placem.

220 4478 248 4525 ,5.
281 4479 414 4529 gyneceum
426 4458 458 4511 B.
846 4527 849 4537 .

732 4564 753 4608 K
771 4565 789 4611 2
