3164 4994
284 406 328 474 54
615 389 768 453 nnrvw
795 391 1100 459 uosmnnum.

285 573 372 637 Vino
393 581 428 637 et
450 574 552 657 victu,
575 576 699 659 piscatu
721 576 831 659 prob0,
852 576 989 660 electili,

285 683 397 747 Vitam
419 683 538 746 colitis.
606 687 668 747 Tre.
697 682 768 748 lmo
791 686 861 748 vita
882 685 1018 750 antehac
1040 694 1134 770 erat,

284 793 385 857 Nunc
408 794 502 856 nobis
523 795 637 857 omnia
659 795 738 858 haec
760 796 957 860 exciderunt.

328 908 378 968 Sr.
404 904 574 992 Qidum?
633 909 694 970 TR.
721 904 773 969 lta
793 901 913 991 oppido
933 908 1112 972 occidimus
1133 926 1257 992 omnes,
1275 908 1374 972 Simo.

328 1019 378 1081 Sr.
409 1016 491 1081 Non
524 1017 640 1081 taces?
692 1015 845 1104 Prospere
878 1020 971 1083 vobis
1008 1037 1124 1083 cuncta
1156 1039 1255 1102 usque
1287 1020 1388 1083 adhuc

415 1144 644 1210 processerunt.
1387 1146 1434 1214 45

332 1244 393 1305 Tre.
422 1239 474 1303 lta
495 1247 530 1303 ut
552 1240 647 1324 dicis,
670 1239 756 1304 facta
776 1240 860 1304 haud
882 1261 986 1325 nego:
1015 1261 1075 1306 nos

284 1352 431 1416 Profecto
453 1353 562 1437 probe,
582 1362 618 1417 ut
639 1353 811 1439 voluimus,
832 1356 993 1440 viximus,

283 1462 355 1544 Sed,
375 1461 475 1545 Simo,
496 1464 547 1526 ita
568 1483 654 1527 nunc
675 1482 791 1528 ventus
812 1484 930 1529 navem

283 1570 444 1634 Deseruit
510 1574 561 1635 Sr.
587 1573 677 1661 Qid
699 1576 772 1639 est?
816 1574 891 1662 Qo
912 1574 1032 1640 modo?
1102 1579 1163 1639 Tre.
1193 1574 1352 1639 Pessumo.

326 1684 378 1745 Sr.
406 1681 541 1768 Qaene
564 1684 718 1748 subducta
740 1695 808 1750 erat
830 1695 902 1750 tuto
925 1686 1089 1749 interra?
1387 1702 1433 1769 50

329 1795 390 1857 Tre.
421 1792 508 1857 Hei!
568 1798 618 1857 Sr.
645 1794 733 1881 Qid
755 1798 829 1859 est?
892 1799 952 1859 Tre.
978 1796 1038 1859 Me
1061 1797 1233 1861 miserum!
1260 1795 1386 1859 occidi!

412 1905 462 1968 Sr.
489 1905 581 1991 Qi?
651 1910 712 1969 Tre.
739 1905 827 1992 Qia

284 2012 384 2077 Venit
407 2016 513 2099 navis,
536 2024 664 2079 nostrae
686 2017 763 2079 navi
785 2034 865 2099 quae
887 2015 1014 2098 frangat
1036 2023 1149 2078 ratem.

327 2128 377 2191 Sr.
407 2124 528 2209 Velim,
550 2133 586 2188 ut
612 2133 648 2188 tu
674 2127 787 2211 velles,
808 2125 944 2189 Tranio.
987 2124 1048 2190 Sed
1071 2124 1147 2208 quid
1173 2133 1223 2188 est
1249 2126 1387 2206 negoti?

416 2241 477 2302 Tre.
509 2236 653 2321 Eloquar.

284 2349 391 2414 Herus
413 2367 541 2434 peregre
562 2349 666 2412 venit.
730 2352 782 2414 Sl.
807 2347 902 2413 Tunc
928 2349 1006 2436 [tibi
1028 2349 1187 2434 actutum]
1214 2349 1289 2410 chor
1314 2346 1383 2433 [da]

413 2458 567 2543 tenditur,

321 2755 364 2803 4¹.
401 2739 463 2791 Vino
473 2747 499 2791 et
510 2740 590 2803 victu,
603 2753 634 2791 so
645 2736 694 2790 the
706 2736 788 2790 MSS.
841 2735 880 2787 W
892 2734 974 2789 omits
984 2745 1017 2788 et.

321 2826 364 2872 42·
401 2810 482 2861 Immo
494 2810 555 2862 vita
571 2808 629 2862 ΡΖ.
683 2808 808 2861 immovit
822 2805 942 2860 Bacna.
995 2808 1077 2858 Immo
1091 2813 1120 2857 ut
1136 2802 1236 2857 BbDb.
1290 2805 1371 2856 Immo
1387 2803 1427 2855 ita

245 2903 253 2918 ·
283 2897 314 2931 ea
362 2879 368 2892 '
435 2878 484 2932 W.

320 2879 468 3012 mdis
485 2951 578 3015 omnia,
596 2965 628 3002 so
643 2947 738 3017 Pylad.
751 2948 860 3001 Camer.
912 2945 981 2999 nobis
999 2946 1140 2998 communia
1158 2943 1205 2996 the
1224 2942 1305 2998 MSS.
1358 2942 1426 2997 uobis

280 3019 368 3071 simitu
378 3019 463 3070 omnia
477 3018 575 3071 Herm.
589 3018 624 3072 R.
677 3018 745 3072 nobis
757 3017 842 3071 omnia
853 3017 915 3070 haec
925 3016 1070 3069 exciderunt
1079 3014 1159 3068 simul
1168 3012 1216 3068 W.

317 3105 361 3151 44.
395 3088 435 3138 hic
447 3089 532 3157 oppido
544 3089 634 3141 Herm
648 3087 682 3155 R,
694 3087 744 3142 but
755 3089 795 3140 hic
808 3089 829 3140 is
841 3092 891 3139 not
905 3087 932 3139 in
945 3087 992 3139 the
1005 3086 1086 3139 MSS.
1353 3153 1360 3167 ι

283 3159 494 3292 nizizi&
506 3152 1424 3295 ,lintizt‘ttttiintllttmtttilssiff‘ll‘tt‘illl

282 3302 522 3350 commencement
533 3296 567 3349 of
577 3314 602 3351 v.
614 3303 659 3363 48,
671 3297 725 3351 and
737 3297 760 3350 is
771 3296 898 3350 followed
910 3296 946 3365 by
959 3297 1038 3364 Vulg.
1053 3294 1126 3348 RW.

318 3372 362 3432 48,
375 3384 418 3431 49,
432 3382 474 3432 5ο,
488 3382 530 3432 51,
544 3384 587 3431 5²·
624 3368 702 3421 Here
714 3368 791 3434 again
804 3384 846 3421 we
858 3367 925 3421 have
938 3366 1065 3420 followed
1077 3365 1125 3418 the
1140 3368 1326 3431 arrangement
1340 3359 1372 3412 of
1385 3358 1415 3411 Β.

282 3436 321 3486 W
333 3437 423 3504 places
434 3454 529 3488 navem
541 3443 569 3489 at
581 3437 628 3489 the
641 3437 786 3503 beginning
801 3436 833 3490 of
844 3454 869 3491 v.
883 3455 925 3503 5ο.
980 3437 1006 3489 R
1019 3436 1128 3505 deparrs
1142 3436 1224 3488 much
1237 3447 1310 3488 more
1322 3430 1418 3498 widely

281 3505 354 3558 from
366 3505 413 3558 the
426 3504 599 3559 distribution
611 3506 643 3558 of
655 3506 689 3560 B.

318 3582 362 3641 48.
397 3586 489 3629 ventur
500 3595 604 3641 ηαυιω,
616 3592 647 3629 so
659 3576 706 3629 the
720 3576 800 3630 MSS.
852 3588 944 3631 ventus
956 3596 1051 3632 nantem
1062 3586 1177 3629 nostram
1191 3575 1225 3628 R.

319 3664 362 3711 50.
398 3646 748 3715 Quaene‚soPylad.Vulg.
762 3645 836 3700 RW.
889 3650 961 3718 Quae
972 3667 1015 3700 nec
1026 3647 1114 3700 BCD.

314 3734 363 3784 51.
397 3716 520 3771 eiBCD.
625 3717 670 3769 Me
681 3718 809 3783 miserunt,
822 3733 853 3769 so
864 3717 912 3770 the
925 3718 1006 3771 MSS.
1059 3718 1115 3771 Heu
1126 3736 1166 3770 me
1176 3718 1296 3770 miserum
1310 3712 1345 3767 R.

319 3805 363 3854 52·
398 3798 482 3841 nostre
494 3788 526 3840 C.

319 3876 362 3925 55.
400 3859 485 3926 Velim,
507 3857 607 3912 sothe
628 3857 709 3911 MSS.
765 3855 854 3909 Vellem
875 3856 957 3910 Both.
978 3856 1012 3910 R.
1118 3867 1148 3911 ut
1167 3867 1196 3910 tu
1215 3854 1301 3919 velles,
1322 3868 1354 3906 so
1377 3850 1425 3905 the

283 3955 364 4011 mss,
412 3954 570 4009 ruomrned
584 3952 760 4022 invugw.
865 3953 1129 4021 nunnunquam
1142 3952 1199 4005 η.
1253 3951 1374 4003 mannus
1383 3920 1426 4001 ’ἐκ

282 4025 331 4082 Ba.
384 4029 506 4081 Tranm'os
558 4037 596 4080 est
616 4026 682 4080 with
702 4041 719 4079 a
738 4037 819 4093 space
839 4023 901 4077 CD.
1007 4043 1037 4077 ne
1054 4025 1101 4076 ocii
1121 4022 1204 4075 BFZ.
1258 4021 1341 4091 negoti
1361 4019 1425 4072 CD.

281 4098 397 4168 Eloquar
408 4097 565 4153 BbCDFZ.
618 4097 738 4166 Eloquere
749 4095 798 4149 Ba.
852 4094 877 4146 R
890 4094 938 4147 has
950 4095 1030 4163 Egoe
1068 4112 1126 4147 rear.

318 4185 360 4233 54,
374 4186 417 4233 55.
453 4168 547 4222 These
565 4170 633 4224 lines
654 4184 754 4237 appear
772 4166 799 4218 ln
817 4183 834 4221 a
852 4164 994 4219 mutilated
1012 4163 1084 4217 form
1102 4164 1130 4215 in
1149 4161 1244 4227 BCD;
1269 4161 1297 4214 in
1317 4159 1340 4212 B
1358 4159 1425 4227 they

279 4237 358 4288 stand
370 4238 469 4290 thus-

351 4337 421 4389 Erus
433 4339 507 4417 *Q
519 4356 632 4407 peregre
645 4342 727 4395 venit.
775 4343 810 4394 Si.
826 4341 908 4395 Tunc
947 4378 1130 4394 .....
1162 4335 1354 4391 contenditur

353 4450 420 4504 lnde
433 4454 599 4507 ferriterium
611 4464 705 4523 postea
742 4497 925 4515 .....
961 4477 1031 4515 enun
1043 4461 1168 4527 obsecro,
