3188 5014
541 404 675 467 ACTVS
704 408 742 466 V.
796 409 931 469 SCENA
959 411 1000 469 ll.
1301 409 1338 471 81

237 593 298 653 ΤΗ.
330 587 397 652 Dat
420 587 574 672 profecto.
640 595 701 654 Ta.
724 591 814 679 Qin
838 602 871 656 et
895 594 985 656 illurn
1009 597 1044 657 in
1069 597 1118 658 ius
1141 596 1215 659 iube
1241 597 1297 659 ire.

325 705 385 763 ΤΗ.
416 698 486 763 Iam
509 720 624 763 mane:
1299 726 1340 792 25

190 809 355 894 Experiar,
376 818 411 872 ut
433 812 570 894 opinor3
599 822 723 876 certum
745 824 794 876 est
817 816 910 878 mihi.
974 820 1036 879 Ta.
1058 816 1180 903 [Mihi]
1202 819 1297 904 [huc]

320 923 487 985 hominem
509 923 606 987 cedo!

237 1040 297 1099 aa.
320 1035 420 1123 Qid,
435 1037 463 1098 si
488 1038 587 1119 igitur
602 1057 661 1119 ego
681 1057 841 1103 accersam
863 1040 1036 1105 homines?
1084 1046 1145 1106 ΤΗ.
1163 1041 1296 1105 Facttun

320 1166 388 1210 esse
412 1149 479 1210 iam
500 1149 650 1232 oportuit.

192 1259 250 1323 Vel
272 1258 439 1322 hominem
460 1260 533 1322 iube
556 1260 646 1323 aedis
667 1262 837 1345 mancupio
855 1281 994 1344 poscere.
1058 1267 1119 1326 ΤΗ.
1141 1262 1213 1327 Imo
1234 1265 1295 1329 hoc

320 1373 460 1455 primum
482 1371 576 1433 volo:

189 1482 383 1570 Qaestioni
403 1484 550 1566 accipere
571 1502 689 1546 servos.
738 1487 798 1546 ΤΗ.
818 1482 1015 1547 Faciundum
1035 1485 1148 1569 edepol
1166 1506 1292 1550 censeo

189 1593 258 1677 Ego
273 1595 408 1657 interim
422 1595 505 1658 hanc
520 1614 608 1657 aram
622 1594 793 1678 occupabo
831 1599 889 1661 ΤΗ.
906 1595 995 1683 Qid
1011 1597 1082 1661 ita?
1118 1601 1181 1660 Ta.
1196 1598 1294 1660 Null-

319 1724 373 1768 am
396 1724 464 1768 rem
487 1708 592 1791 sapis:
1295 1729 1337 1797 30

190 1816 247 1878 Ne
268 1818 359 1879 enim
379 1817 432 1879 illi
454 1818 515 1881 huc
536 1817 706 1901 confugere
728 1819 866 1901 possint,
885 1819 1071 1900 quaestioni
1091 1838 1170 1902 quos
1191 1819 1294 1905 dabit,

191 1926 258 1990 Hic
279 1947 340 2010 ego
362 1928 426 1989 tibi
448 1927 655 2012 praesidebo:
684 1948 727 1991 ne
751 1930 922 1992 interbitat
943 1933 1098 2011 quaestio·

236 2044 297 2102 ΤΗ.
318 2039 425 2122 Surge.
482 2044 542 2102 Ta.
564 2039 725 2103 Minume.
784 2044 843 2104 ΤΗ.
867 2041 923 2103 Ne
941 2043 1133 2126 occupassis²
1150 2060 1294 2125 opsecro,

317 2168 416 2213 aram.
479 2154 540 2213 ΤΗ.
562 2151 653 2215 Cur?
716 2154 777 2213 ΤΗ.
806 2151 913 2214 Scies:

192 2259 280 2345 Qia
299 2263 387 2324 enim
406 2260 439 2324 id
458 2279 604 2324 maxume
624 2262 710 2345 v010,
724 2270 760 2324 ut
781 2260 830 2324 illi
852 2262 936 2324 istoc
956 2262 1155 2345 confligiant.
1197 2263 1295 2327 Sine:

192 2373 305 2435 Tanto
325 2375 404 2458 apud
427 2373 568 2437 iudicem
591 2374 676 2437 hunc
697 2374 823 2456 argenti
846 2373 1068 2436 condemnabo
1090 2374 1227 2437 facilius.
1294 2393 1336 2461 35

239 2488 299 2547 ΤΗ.
329 2484 422 2574 Qod
450 2487 532 2570 agis,
563 2486 596 2548 id
632 2505 717 2567 agas.
776 2484 864 2572 Qid
901 2494 935 2547 tu
974 2504 1068 2569 porro
1104 2486 1154 2550 vis
1191 2505 1294 2549 serere

319 2598 509 2680 negotium?

225 2856 239 2889 2
243 2856 268 2903 5.
302 2841 329 2893 in
340 2841 380 2892 ius
392 2839 447 2892 iube
457 2840 503 2893 ire.
540 2839 600 2893 ΤΗ.
613 2842 671 2893 lam
684 2856 766 2904 mane,
778 2852 809 2891 so
822 2838 931 2891 Camer.
944 2853 981 2891 on
993 2838 1076 2905 conj,
1088 2838 1144 2891 and
1155 2854 1186 2891 so
1196 2838 1274 2905 Vulg.
1287 2838 1335 2893 W.

190 2908 237 2960 BC
256 2925 303 2962 are
320 2926 386 2979 very
404 2915 518 2979 corrupt
536 2910 563 2963 in
580 2928 605 2964 v.
619 2927 662 2975 25.
698 2909 768 2962 This
784 2908 837 2962 and
856 2908 904 2961 the
921 2907 984 2961 four
999 2908 1138 2976 following
1155 2909 1222 2962 lines
1237 2925 1338 2979 appear

187 2980 250 3031 thus
263 2981 290 3032 in
303 2980 418 3033 BCD-

266 3078 309 3128 i'r.
328 3075 386 3127 Dat
397 3074 525 3144 profecto
536 3075 603 3144 quin
615 3082 644 3129 et
657 3075 731 3128 illum
743 3074 770 3127 in
784 3074 846 3127 iussi
858 3075 965 3127 veniam
977 3090 1057 3128 inane

229 3145 363 3213 Experiar
374 3153 405 3199 ut
417 3147 523 3215 opinor.
559 3148 604 3200 rh.
624 3147 738 3199 Certum
751 3151 794 3198 est
806 3145 871 3198 mihi
884 3145 1024 3198 hominem
1036 3145 1115 3199 cedo.

231 3215 307 3283 Qnd
318 3217 340 3269 si
354 3216 435 3283 igitur
447 3232 498 3283 ego
511 3232 649 3271 accersam
661 3216 804 3270 homines?
840 3219 882 3269 Tr.
903 3216 1017 3270 Factum
1030 3232 1089 3270 esse
1102 3217 1156 3270 iam
1168 3218 1299 3286 oportuit.

230 3286 283 3338 Vel
295 3287 434 3341 hominem
447 3287 510 3340 iube
522 3288 597 3341 aedis
609 3287 744 3355 mancipio
756 3302 879 3356 poscere.
917 3286 1007 3340 Immo
1019 3288 1072 3340 hoc
1084 3288 1202 3356 primum
1215 3289 1286 3343 volo.

266 3358 311 3410 lb.
330 3358 475 3425 Q1esti0ni
488 3358 612 3426 accipere
624 3373 725 3411 servos.
762 3360 804 3411 Ἰν.
825 3357 994 3410 Faciundum
1007 3358 1105 3428 edepol
1117 3374 1227 3412 censeo.

188 3450 275 3504 From
287 3451 375 3504 which
388 3452 409 3505 it
420 3452 473 3505 will
486 3451 522 3503 be
533 3467 608 3518 seen,
620 3452 680 3505 that
692 3451 812 3520 scarcely
824 3468 877 3520 any
890 3452 1007 3519 changes
1024 3469 1070 3506 are
1086 3453 1223 3520 required,
1236 3460 1337 3522 except

187 3522 217 3574 in
235 3537 261 3574 v.
275 3538 318 3588 25,
336 3523 465 3589 although
485 3522 510 3574 R
529 3522 577 3575 has
595 3522 712 3588 thought
731 3523 752 3575 it
770 3537 922 3604 necessary,
935 3523 1131 3606 f‘dubiionterf’
1150 3525 1286 3591 however,
1305 3531 1336 3577 to

185 3592 604 3731 {baalthamar
618 3593 1137 3730 ih,²i’di“z¹iii⁰liz.³d‘¹¹⁰⁰⁰bl
1150 3595 1335 3663 ⁶²¹⁰“·'²¹¹d

225 3747 268 3796 27.
303 3733 413 3786 homines
426 3731 514 3803 (acc.)
527 3734 571 3788 all.

225 3807 268 3854 28.
303 3803 373 3856 aedis
386 3802 474 3873 (acc.)
487 3804 530 3857 all.

226 3889 268 3937 30.
303 3892 381 3925 aram
394 3875 459 3926 hanc
473 3873 614 3941 Ragainst
625 3875 674 3929 the
687 3876 767 3928 MSS.

224 3959 267 4007 31.
303 3944 352 3995 huc
364 3945 523 3998 Saracenos.
575 3946 615 3998 hic
629 3946 676 3998 the
689 3946 769 3997 MSS.

222 4029 267 4078 32.
303 4013 352 4066 Hic
370 4033 430 4084 ergo
455 4014 481 4067 R
505 4015 608 4082 against
631 4015 679 4067 the
706 4014 785 4065 MSS.
886 4011 1034 4080 praesidebo
1057 4030 1087 4063 ne
1108 4010 1187 4075 Vulg.
1235 4009 1337 4077 preside

184 4124 315 4179 amaa.
368 4126 557 4197 praesideam
569 4126 631 4179 co.
685 4088 818 4190 aternu}
831 4120 862 4174 a.

225 4212 267 4260 33.
304 4198 406 4249 minime
418 4198 461 4262 all,
474 4198 528 4252 and
540 4215 565 4249 v.
581 4214 612 4261 34
625 4197 738 4247 maxime
750 4193 792 4246 all.
899 4207 977 4243 aram
991 4189 1084 4258 Pylad.
1138 4207 1217 4244 arom
1231 4189 1317 4246 BCD.

225 4283 266 4329 34.
303 4267 355 4320 illic
366 4270 428 4321 istoc
444 4268 468 4319 R
482 4268 586 4334 against
598 4267 645 4319 the
659 4266 740 4318 MSS.

225 4352 266 4399 35.
302 4338 367 4391 hanc
380 4338 482 4390 BbFZ.
536 4339 593 4391 hinc
606 4337 708 4389 BaCD.
815 4332 995 4402 condempnabo
1009 4330 1045 4383 D.

224 4410 265 4469 36.
327 4409 377 4460 uod
391 4411 448 4477 agis
463 4409 556 4477 Pylad.
611 4407 684 4477 Quod
700 4424 764 4475 agas
778 4404 825 4457 the
839 4404 918 4457 MSS.
1025 4420 1106 4455 serere
1118 4403 1160 4454 vis
1173 4401 1255 4460 Both.
1269 4406 1335 4458 RW

184 4477 288 4542 against
300 4410 348 4531 tque
362 4479 443 4533 MSS.

750 4589 776 4633 M
