3218 4990
274 382 292 443 8
605 384 759 445 PLAVTI
787 385 1093 448 MOSTELLARIA.

271 568 409 660 Qando
431 570 486 635 hic
509 580 603 634 natus
626 588 686 637 est.
732 571 771 636 Ei
796 576 843 636 rei
866 584 1054 658 argumenta
1075 574 1192 638 dicam.

272 680 380 763 Atque
401 682 462 745 hoc
484 680 566 744 haud
589 681 717 745 videtur
739 686 809 746 veri
832 685 942 748 simile
965 685 1083 749 vobis?
1382 701 1420 746 10
1455 744 1458 749 .

271 791 316 854 At
342 809 402 874 ego
424 791 457 854 id
481 791 599 856 faciam
622 812 691 857 esse
716 796 763 858 ita
784 804 820 858 ut
841 795 990 859 credatis.

271 901 430 986 Profecto,
461 905 508 967 ita
538 924 608 969 esse
644 915 680 969 ut
710 906 860 990 praedico
889 926 976 991 vera,
1007 908 1157 972 vincam:
1193 914 1287 988 atque
1317 903 1376 979 hoc

401 1024 526 1079 vosmet
551 1018 626 1100 ipsi,

270 1123 356 1208 scio,
378 1126 513 1209 proinde
535 1128 583 1189 uti
607 1147 693 1191 nunc
715 1146 776 1211 ego
797 1146 867 1190 esse
889 1137 1031 1212 autumo,

270 1235 409 1322 Qando
429 1238 517 1301 dicta
538 1236 678 1301 audietis
700 1256 785 1320 mea,
806 1237 889 1300 haud
910 1239 1006 1301 aliter
1029 1237 1062 1299 id
1083 1235 1210 1300 dicetis.

271 1346 470 1431 Auscultate,
492 1356 681 1430 argumenta
702 1347 777 1409 dum
800 1346 873 1410 dico
895 1346 935 1410 ad
959 1347 1041 1410 hanc
1064 1367 1152 1410 rem:
1379 1364 1418 1431 15

267 1454 369 1518 Simul
392 1475 544 1539 gnarures
567 1477 626 1522 vos
649 1457 724 1521 volo
749 1476 818 1521 esse
841 1457 925 1524 hanc
947 1478 1017 1521 rem
1040 1478 1176 1523 mecum.

269 1562 376 1627 Aedes
396 1585 493 1648 quom
516 1569 679 1652 extemplo
702 1579 778 1633 suut
802 1580 944 1656 paratae,
968 1572 1143 1657 expolitae,

267 1672 384 1737 Factae
407 1676 517 1759 probe,
541 1676 756 1744 examussim:

268 1783 416 1849 Laudant
444 1785 568 1850 fabrum
599 1797 694 1871 atque
724 1789 820 1853 aedes
849 1793 1007 1874 probant3
1041 1794 1105 1855 sibi
1135 1794 1268 1874 quisque
1297 1790 1374 1854 inde

397 1897 580 1982 exemplum
604 1907 770 1983 expetunt.

268 2005 334 2070 Sibi
349 2008 481 2090 quisque
495 2008 617 2094 simile,
636 2029 694 2073 suo
711 2028 809 2093 usque
829 2017 978 2093 sumptu3
1000 2026 1129 2092 operam
1150 2026 1216 2069 non
1239 2017 1372 2090 parcunt

400 2139 500 2185 suam.
1374 2138 1416 2185 20

273 2231 379 2315 Atque
403 2233 458 2296 ubi
484 2233 542 2297 illo
565 2235 718 2318 inmigrat
741 2253 877 2318 nequam
898 2234 994 2296 homo
1022 2232 1256 2314 indiligensque

309 2547 402 2586 10-12.
439 2530 604 2586 Rbrackets
616 2531 694 2586 these
705 2531 785 2586 three
797 2532 874 2586 lines.
922 2529 1101 2584 Wbrachets
1113 2529 1168 2582 line
1184 2544 1212 2580 11
1227 2526 1301 2596 only.

311 2620 353 2657 ιι.
386 2620 438 2655 esse
451 2604 499 2669 ita,
515 2602 607 2657 sothe
620 2603 702 2657 MSS.
758 2603 791 2656 lu
809 2603 832 2656 B
848 2605 888 2656 ita
902 2617 1016 2670 appears
1030 2600 1126 2653 erased
1141 2597 1230 2651 either
1243 2597 1281 2665 by
1294 2594 1343 2649 the
1360 2592 1419 2648 first

270 2673 344 2727 hand
352 2688 386 2726 or
393 2672 430 2742 by
438 2672 467 2726 b.
503 2671 635 2743 Possibly,
647 2673 783 2741 however,
796 2674 817 2727 it
827 2673 849 2726 is
860 2673 924 2742 only
936 2671 984 2725 the
996 2671 1089 2725 stroke
1101 2669 1135 2723 oi
1143 2668 1191 2722 the
1202 2678 1215 2720 t
1226 2664 1420 2735 exaggerated.

270 2745 310 2798 ita
321 2762 373 2797 esse
386 2743 421 2809 R,
433 2741 572 2809 following
585 2743 739 2799 Hennann.

311 2832 352 2868 rr.
386 2816 426 2867 ita
437 2813 596 2879 esse,sothe
609 2814 690 2868 MSS.
734 2816 841 2880 esseita,
852 2812 927 2879 RW,
937 2811 1075 2879 following
1085 2810 1239 2864 Hermann.
1315 2807 1418 2876 predico

273 2882 306 2937 B.
411 2883 590 2949 vera‚sothe
604 2884 685 2938 MSS.
736 2904 808 2951 wo,
818 2884 906 2952 Vulg.‚
918 2882 1056 2948 following
1069 2879 1164 2950 Pylad.

271 2970 407 3077 hasrad-14.
442 2953 537 3007 There
555 2969 607 3009 can
624 2954 660 3008 he
678 2968 716 3008 no
733 2955 874 3024 objection
886 2961 917 3009 to
932 2968 1047 3021 arrange
1058 2952 1137 3007 these
1149 2950 1217 3004 lines
1231 2964 1260 3003 as
1272 2947 1417 3002 Hermann

354 3038 454 3090 one,-

484 3053 616 3148 Profecto
636 3094 674 3148 ita
692 3110 752 3149 esse
771 3101 802 3149 ut
821 3095 951 3164 praedico
970 3100 1033 3149 iera
1053 3095 1158 3148 vincam

483 3164 576 3233 Atque
595 3164 649 3219 hoc
668 3173 775 3220 vosmet
794 3167 852 3235 ipsi,
870 3167 936 3232 scio,
956 3164 1071 3235 proinde
1089 3164 1130 3219 uti
1149 3178 1222 3218 nunc

484 3233 544 3301 Ego
563 3249 623 3288 esse
642 3241 756 3289 autumo
774 3237 885 3306 quando
903 3236 978 3290 dicta
995 3235 1120 3290 audietis.

310 3374 352 3423 14.
387 3373 444 3408 mea
464 3392 473 3410 .
492 3393 500 3408 .
519 3356 624 3409 uicem
637 3355 695 3409 BC.
723 3427 729 3439 .
745 3356 851 3412 direntes
864 3358 918 3413 Da.
970 3377 1037 3426 mea,
1047 3357 1126 3412 aliter
1136 3357 1190 3410 hau
1200 3354 1286 3408 dicetis
1299 3351 1334 3405 R.

310 3444 353 3552 :2²
366 3424 472 3550 Ῑύέἰωειιζί
482 3424 699 3565 {norw-etit&
709 3426 860 3553 &olearum
879 3513 916 3551 on
937 3497 1011 3567 conj.
1046 3496 1111 3551 The
1130 3495 1211 3549 MSS.
1230 3507 1277 3549 are
1296 3494 1417 3558 compi.

272 3568 416 3639 Simulgna
428 3569 485 3621 ruri
495 3586 539 3621 suo
551 3567 585 3622 Β.
634 3567 879 3639 Simulgnarurisuo
891 3568 954 3623 CD.
1060 3569 1084 3621 C
1096 3567 1179 3621 omits
1188 3568 1265 3621 hanc·

310 3655 352 3703 17.
386 3636 516 3740 quomufor
527 3658 584 3694 cum
596 3638 655 3693 BF.
755 3651 852 3708 parate
863 3636 1007 3710 (paratae)
1020 3639 1053 3693 Β.

310 3754 351 3805 18.
386 3752 534 3804 examissim
547 3750 579 3819 B,
589 3749 742 3804 theubein
771 3749 1041 3820 acorrectionbyc.

310 3837 352 3888 19.
386 3820 530 3876 aedesBZ.
582 3822 636 3874 edes
649 3820 728 3873 CDF
741 3767 907 3943 {accusative
925 3860 933 3876 .

309 3909 351 3946 ro.
388 3890 554 3946 Rbrachets
564 3891 619 3946 this
631 3891 693 3957 line,
706 3907 740 3944 an
772 3907 803 3943 so
817 3893 874 3944 also
928 3930 935 3946 .
1041 3891 1124 3945 simile
1134 3909 1180 3944 suo
1192 3905 1267 3958 usque
1277 3893 1418 3953 rumim

271 3963 344 4033 conj.
357 3960 466 4018 emend.
479 3960 575 4017 dueto
588 3962 697 4016 Camer.
733 3961 798 4015 The
816 3962 896 4015 MSS.
914 3977 961 4015 are
980 3968 1100 4029 corrupt.
1154 3960 1233 4014 BCD
1252 3951 1420 4039 havesimiie

270 4055 314 4089 suo
330 4038 353 4088 is
372 4054 421 4088 sua
438 4044 547 4104 sumptu,
565 4039 665 4102 except
682 4032 743 4085 that
761 4032 788 4085 D
807 4032 855 4085 has
871 4035 943 4086 r'ssua
960 4032 1014 4086 and
1032 4033 1085 4085 CD
1106 4036 1216 4101 sunrptri.
1269 4023 1350 4080 simale
1365 4040 1418 4091 sius

269 4125 314 4159 suo
333 4116 435 4176 sunrptu
457 4104 489 4158 F.
541 4105 632 4159 similis
650 4105 704 4157 suis
724 4113 825 4172 sumptu
845 4121 888 4155 suo
909 4103 942 4156 Z.
995 4102 1085 4156 similis
1109 4103 1166 4155 volt
1189 4120 1233 4154 suo
1257 4105 1359 4165 sumptu
1383 4092 1420 4146 R.

270 4188 372 4244 operam
389 4195 438 4228 non
450 4187 564 4245 parcunt
580 4195 663 4242 suam,
677 4190 709 4227 so
722 4173 866 4227 Hermann
878 4189 915 4226 on
927 4172 1001 4242 conj.
1054 4185 1155 4243 operam
1223 4178 1282 4223 cunt
1298 4183 1373 4220 suam
1386 4161 1419 4215 Β.

270 4246 634 4364 qqegdspaffintqquDFZ
648 4244 709 4316 (sua
722 4243 771 4315 C).
824 4256 912 4314 operae
922 4264 953 4298 ne
960 4254 1072 4315 parcunt
1082 4263 1151 4310 suae,
1234 4256 1275 4294 er.
1286 4253 1324 4290 on
1336 4249 1421 4302 conj„

272 4446 294 4495 is
306 4381 560 4517 ἕῶἰονὲξὲιὶξξαὲξν
662 4384 847 4454 indilipemque,
860 4402 892 4439 so
903 4386 951 4440 the
963 4385 1043 4440 MSS.
1098 4382 1192 4454 Pylad.
1205 4380 1288 4435 omits
1299 4396 1352 4446 que,
1365 4371 1420 4429 aud
