3164 4994
275 380 317 447 62
600 384 754 443 PLAVTI
782 384 1088 445 MOSTELLARIn

274 566 343 631 lam
360 568 475 632 vides?
532 572 592 632 ΤΗ.
619 568 768 635 Profecto
789 570 909 634 nullam
929 572 1078 655 equidem
1100 571 1170 637 illic
1190 560 1353 637 cornicem

404 681 520 743 intuor.

321 794 382 854 Ta.
420 790 466 853 At
499 799 534 854 tu
568 792 633 855 isto
668 792 709 856 ad
740 813 799 856 vos
830 803 974 878 optuere,
1008 795 1160 877 quoniam
1193 796 1355 859 cornicem

404 903 517 984 nequis
1358 923 1420 993 150

274 1011 480 1096 Conspicati,
502 1014 531 1076 si
554 1013 708 1078 volturios
730 1014 813 1077 forte
835 1015 939 1099 possis
960 1016 1083 1079 contui.

274 1122 344 1187 lam
357 1122 472 1188 vides?
520 1127 580 1189 ΤΗ.
601 1124 683 1189 Non
697 1124 808 1209 edepol
824 1125 931 1188 video.
979 1129 1040 1191 Tre.
1064 1126 1109 1189 At
1125 1145 1184 1209 ego
1198 1126 1355 1191 volturios

401 1234 489 1297 duos
921 1230 928 1253 ⁸

320 1349 380 1408 Tm
407 1344 564 1429 Omnino,
585 1356 621 1410 ut
642 1355 676 1409 te
698 1348 875 1432 apsolvam‚
899 1348 1020 1412 nullam
1042 1349 1165 1433 pictam
1187 1350 1355 1435 conspicio

401 1455 456 1517 hic
477 1473 581 1521 avem.

318 1570 379 1629 Tre.
410 1566 491 1649 Age,
516 1568 582 1630 iam
608 1569 715 1632 mitto.
760 1569 913 1653 Ignosco:
941 1578 1047 1633 aetate
1075 1589 1141 1633 non
1164 1574 1236 1654 quis
1260 1580 1353 1655 optu-

399 1697 491 1740 ener.

318 1791 378 1851 Tu.
400 1787 505 1873 Haec,
523 1808 603 1874 quae
626 1809 765 1874 possum,
786 1810 825 1854 ea
847 1792 928 1853 mihi
950 1790 1095 1874 profecto
1116 1801 1233 1855 cuncta
1254 1793 1351 1856 vehe-

400 1909 525 1962 menter
547 1901 686 1983 placent.
1353 1919 1419 1986 155

313 2013 363 2074 Sr.
385 2010 498 2074 Latius
513 2011 641 2075 demum
656 2025 704 2075 est
719 2031 834 2096 operae
849 2013 988 2097 pretium
1002 2012 1112 2077 ivisse.
1159 2015 1220 2077 711.
1244 2010 1348 2075 Recte

339 2126 343 2131 '
400 2121 511 2206 edepol
534 2141 656 2186 mones.

312 2239 362 2301 Sr.
392 2234 473 2319 Eho,
505 2237 613 2314 istum,
645 2255 732 2319 puer,
762 2234 963 2299 circumduce
993 2208 1050 2296 lias
1082 2232 1172 2297 aedis
1206 2241 1240 2295 et
1273 2251 1350 2295 con-

400 2348 513 2411 clavia.
623 2340 630 2357 '

270 2460 360 2523 Nam
380 2476 508 2542 egomet
528 2459 703 2543 ductarem,
724 2461 790 2522 nisi
813 2460 860 2520 mi
881 2465 966 2520 esset
987 2455 1027 2519 ad
1048 2456 1153 2519 forum
1173 2456 1349 2539 negotium.

315 2575 376 2634 ΤΗ.
410 2570 521 2655 Apage
548 2573 646 2634 istum
674 2572 721 2656 [a]
749 2588 801 2632 me
832 2568 1105 2655 [perductorcm]:
1135 2566 1217 2630 nihil
1244 2586 1350 2630 moror

399 2680 566 2746 ductarier.

269 2789 433 2879 Qidquid
453 2809 514 2876 est,
537 2792 662 2879 [errabo
684 2795 802 2878 potius,
819 2792 929 2877 quam]
954 2789 1120 2874 perductet
1138 2788 1307 2873 quispiam.
1352 2790 1415 2852 160

306 3065 365 3113 ¹⁴9·
400 3049 521 3100 cornicem
538 3051 624 3101 intuor
639 3049 671 3102 Z.
725 3059 997 3104 coaurconmruoc
1015 3049 1049 3101 A.
1103 3048 1224 3101 cornicem
1241 3048 1339 3100 intueor
1355 3044 1412 3100 BF.

266 3120 388 3171 conricem
399 3119 479 3170 irrues
493 3118 529 3170 1).

305 3206 364 3253 150.
399 3188 447 3238 isto
464 3187 577 3239 ABCD.
638 3188 703 3239 istac
728 3187 751 3240 F
754 3188 826 3242 ZW.
886 3190 948 3242 istoc
973 3188 998 3240 R
1023 3187 1062 3259 (B
1087 3187 1135 3240 has
1158 3190 1215 3255 isco,
1237 3186 1325 3241 which
1349 3203 1411 3257 may

266 3257 384 3312 indicate
395 3253 480 3324 istoc).

304 3345 363 3393 151.
399 3325 469 3378 This
480 3327 535 3379 line
548 3326 570 3378 is
581 3326 698 3380 omitted
709 3326 746 3396 by
761 3325 795 3381 R.
832 3328 884 3381 See
895 3335 962 3382 note
974 3326 1007 3381 oi
1016 3328 1063 3382 W.

303 3414 363 3463 153.
398 3398 515 3464 conspitio
528 3397 561 3450 B.

303 3485 362 3533 154.
398 3468 521 3536 optuerier
533 3466 590 3532 BC,
602 3465 657 3518 and
668 3481 699 3518 so
712 3466 739 3518 in
752 3467 848 3537 reality
861 3468 898 3521 D.

302 3554 362 3602 155.
397 3537 551 3605 HecqueC.
651 3537 755 3657 {creent
770 3538 828 3590 BZ.
880 3541 964 3592 iacent
975 3537 1064 3592 CDF.

303 3611 362 3672 156.
397 3617 435 3658 est
452 3620 521 3677 opere
539 3607 641 3659 tretium
683 3606 849 3676 a(pretium
868 3607 934 3676 Bb).
987 3619 1025 3660 est
1047 3622 1136 3679 operae
1149 3609 1263 3678 pretium
1284 3608 1320 3661 D.
1373 3618 1411 3660 est

264 3690 334 3747 opere
339 3679 454 3748 precium
468 3677 516 3730 CF
518 3677 551 3730 Z.
604 3689 692 3746 operae
702 3687 740 3728 est
745 3679 858 3746 pretium
871 3678 953 3731 Both.
966 3678 1041 3732 RW.
1196 3728 1199 3734 .

283 3747 664 3874 f1t1517.MpSuSer,scpthesltldesds(i
708 3760 788 3817 puer-e
799 3746 881 3800 Both.
895 3747 930 3801 R.
1049 3751 1152 3803 flAsA.
1205 3753 1280 3805 hasce
1291 3748 1338 3802 the
1353 3752 1411 3801 rest

264 3836 282 3874 o
337 3836 354 3874 e
440 3835 494 3872 .an
526 3834 572 3870 mo
666 3856 672 3871 .

304 3893 510 3957 159,160,161.
547 3889 641 3942 These
659 3888 727 3940 lines
744 3902 845 3955 appear
862 3887 889 3940 in
908 3902 925 3939 a
941 3902 1007 3956 very
1026 3889 1167 3944 mutilated
1185 3891 1257 3944 form
1276 3889 1303 3941 in
1321 3887 1411 3954 BCD,

263 3963 316 4017 and
335 3961 494 4030 apparently
512 3961 540 4013 in
557 3960 582 4012 A
600 3959 665 4013 also.
701 3959 757 4011 We
775 3958 843 4011 have
859 3958 938 4024 given
956 3959 983 4011 in
999 3957 1047 4011 the
1062 3966 1122 4013 text
1138 3960 1186 4014 the
1203 3961 1315 4025 reading
1329 3957 1362 4010 ot
1377 3958 1412 4024 B,

264 4034 312 4088 the
330 4032 421 4086 words
438 4031 533 4084 within
551 4030 678 4084 brackets
695 4029 778 4096 being
795 4029 844 4081 the
862 4028 1034 4097 conjectures
1053 4029 1090 4097 by
1102 4030 1190 4084 which
1210 4033 1319 4084 Camer.
1337 4027 1412 4080 filled

263 4121 300 4172 up
318 4104 365 4157 the
384 4102 487 4156 blanks.
542 4101 619 4154 BCD
638 4116 719 4168 agree
736 4099 845 4168 closely.
893 4099 936 4152 All
954 4099 1022 4152 have
1039 4100 1096 4153 adis
1114 4101 1176 4166 dico,
1191 4102 1241 4154 but
1260 4099 1313 4153 CD
1332 4099 1411 4166 place

262 4175 340 4226 these
352 4173 442 4226 words
460 4179 489 4225 at
503 4172 551 4225 the
567 4172 622 4226 end
636 4171 668 4227 oi
682 4189 706 4225 v.
723 4188 772 4235 159
788 4169 846 4240 (Bb
858 4169 906 4223 has
917 4170 980 4235 adi«,
993 4170 1043 4223 ie.
1055 4170 1124 4239 adi).
1160 4172 1212 4238 All,
1225 4169 1363 4234 including
1375 4169 1410 4233 Α,

262 4242 330 4293 have
345 4244 356 4292 i
378 4246 427 4294 'rur
439 4241 512 4294 after
524 4244 592 4295 intro
607 4262 642 4296 eo.
695 4243 806 4294 Camer.
820 4241 936 4309 supplies
954 4260 972 4293 a
987 4238 1082 4293 before
1101 4261 1148 4307 me,
1164 4241 1214 4294 but
1231 4241 1311 4293 there
1332 4239 1354 4290 is
1372 4254 1411 4290 no

262 4309 342 4361 blank
374 4326 421 4362 ere
439 4311 466 4362 in
478 4312 526 4363 the
539 4312 628 4377 MSS„
643 4313 696 4364 and
712 4312 739 4364 in
751 4329 776 4364 ν.
793 4328 841 4377 159
857 4311 892 4363 he
909 4310 988 4363 reads
1003 4312 1077 4432 ΞΜ,
1089 4312 1151 4380 quid
1159 4315 1215 4364 esti
1232 4310 1322 4363 which
1341 4308 1363 4360 is
1382 4307 1410 4361 in

261 4393 298 4429 no
310 4394 370 4445 way
382 4378 475 4431 better
486 4379 552 4431 than
565 4382 692 4448 Quidquid
702 4392 747 4447 est,
760 4398 788 4433 as
802 4381 828 4433 in
842 4380 929 4433 BCD.
984 4380 1011 4431 T
1032 4396 1077 4433 ese
1094 4382 1116 4434 is
1133 4380 1242 4435 ablani
1259 4381 1286 4433 in
1300 4377 1410 4432 Baiter

264 4446 328 4498 Adis
339 4448 400 4510 dico,
414 4447 463 4500 but
475 4463 547 4500 none
560 4449 587 4500 in
601 4449 664 4501 CD.
772 4451 805 4502 ln
819 4451 859 4502 Ca
868 4451 992 4518 perducet.
