3218 4990
513 421 648 484 ACTVS
678 420 702 481 1.
766 417 899 481 SCENA
927 419 981 479 111.
1284 438 1323 503 13

218 612 319 676 Pure.
342 607 394 672 Ita
413 626 466 671 me
489 606 523 670 di
544 590 669 691 ament,
684 606 793 690 lepida
813 614 863 669 est
878 604 1016 689 Scapha:
1039 605 1124 688 sapit
1146 606 1280 669 scelesta

309 720 456 782 multum.

176 827 223 891 Vt
245 828 351 912 lepide
374 849 424 893 res
445 846 560 892 omnes
581 835 684 911 tenet,
706 827 946 910 sententiasque
969 828 1160 892 amantum!
1284 845 1323 913 15

218 942 285 1001 ΡΗ.
308 939 398 1028 Qid
421 940 531 1003 nunc?
585 941 641 1003 So.
664 936 752 1025 Qid
775 937 848 1000 est?
903 940 970 1003 ΡΗ.
993 936 1084 1025 Qin
1099 956 1151 1000 me
1174 937 1280 1021 aspice

305 1057 340 1113 et
362 1050 556 1133 contempla,
579 1057 615 1112 ut
636 1049 716 1112 haec
738 1067 790 1112 me
812 1048 935 1112 deceat.

220 1161 275 1224 Se.
299 1159 427 1223 Virtute
459 1161 580 1224 formae
615 1159 650 1223 id
678 1161 802 1243 evenit,
836 1168 869 1223 te
902 1168 939 1223 ut
972 1158 1098 1242 deceat,
1128 1160 1283 1242 quidquid

306 1270 432 1333 habeas.

218 1382 321 1445 Pure.
345 1378 429 1463 Ergo
450 1380 511 1445 hoc
532 1382 574 1443 ob
596 1381 731 1444 verbum
752 1388 797 1465 te,
812 1379 943 1463 Scapha,
957 1378 1085 1442 donabo
1106 1397 1167 1462 ego
1188 1378 1283 1443 hodie
1400 1455 1402 1459 ¹

308 1491 422 1573 aliqui,

177 1602 295 1684 Neque
319 1603 435 1685 patiar,
457 1610 491 1665 te
514 1604 619 1666 istanc
640 1603 753 1686 gratiis
775 1602 929 1685 laudasse,
951 1620 1031 1683 quae
1054 1602 1159 1687 placet
1182 1605 1240 1667 mi.

219 1717 287 1779 ΡΗ.
320 1711 413 1776 ΝοΙο
444 1731 516 1797 ego,
548 1723 581 1776 te
616 1712 778 1776 adsentari
809 1712 901 1775 mihi.
1016 1714 1070 1777 Sc.
1105 1712 1219 1777 Nimis
1249 1722 1285 1777 tu

308 1822 438 1904 quidem
459 1824 559 1887 stulta
580 1842 616 1886 es
639 1823 763 1885 mulier.
1287 1843 1328 1891 20

176 1934 246 1999 Eho
268 1936 373 1998 mavis
394 1936 604 2019 vituperarier
626 1934 718 2018 falso,
740 1953 835 2016 quam
858 1952 935 1997 vero
956 1935 1096 2000 extolli?

177 2044 334 2128 Equidem
356 2046 409 2130 pol
430 2046 484 2109 vel
505 2045 587 2109 falso
608 2054 722 2108 tamen
743 2044 865 2107 laudari
888 2043 991 2108 multo
1012 2047 1111 2129 malo,

178 2154 285 2241 Quam
308 2175 384 2218 vero
406 2156 527 2240 culpari
549 2163 605 2218 aut
627 2172 734 2217 meam
757 2155 897 2238 speciem
919 2153 999 2217 alios
1021 2154 1172 2218 inridere.

220 2269 287 2330 ΡΗ.
310 2265 380 2350 Ego
402 2285 514 2329 verum
535 2285 636 2350 am03
658 2284 769 2329 verum
791 2265 866 2329 volo
887 2262 953 2327 dici
977 2266 1070 2350 mihi,
1093 2266 1284 2330 mendacem

310 2376 377 2437 odi.

222 2485 278 2548 Sc.
310 2481 362 2547 Ita
391 2493 426 2547 tu
456 2502 508 2548 me
539 2503 640 2569 ames,
662 2486 711 2547 ita
731 2482 929 2548 Philolaches
958 2492 1031 2548 tuus
1060 2493 1093 2548 te
1123 2495 1222 2569 amet,
1250 2496 1285 2548 ut

307 2604 443 2659 venusta
464 2615 508 2660 es.
1288 2614 1329 2683 25

221 2709 325 2770 Pure.
347 2706 437 2795 Qid
458 2708 518 2790 ais,
540 2707 704 2770 scelesta?
724 2705 884 2788 quomodo
904 2707 1087 2771 adiurasti?
1121 2709 1204 2771 “ita
1225 2727 1285 2792 ego

311 2820 408 2881 istam
429 2836 571 2881 amarem
583 2817 619 2881 ?'’

180 2956 274 3025 Pylad.
286 2956 365 3023 Vulg.
438 2957 464 3009 R
485 2956 624 3023 following
643 2954 756 3009 Lachm.
775 2955 848 3023 gives
868 2967 985 3011 amantes
1006 2957 1119 3012 mulieris
1137 2969 1238 3013 amant.
1280 2957 1328 3024 W,

178 3026 318 3093 following
337 3026 429 3091 Both„
447 3026 495 3078 has
512 3035 617 3079 amaror
635 3026 748 3079 nuderis
765 3036 850 3080 amat.
937 3027 1047 3094 fartum
1066 3028 1089 3081 is
1106 3043 1122 3081 a
1140 3028 1213 3096 conj.
1232 3028 1265 3084 of
1280 3029 1329 3082 the

179 3097 254 3165 early
272 3096 336 3149 edd.
381 3097 485 3162 fartim
504 3093 590 3149 BCD.
638 3106 748 3164 paetum
769 3096 826 3149 FZ.

219 3182 261 3231 14.
296 3165 333 3217 dio·
346 3164 395 3217 FZ
412 3180 505 3229 35i49·
593 3165 674 3236 lepida
687 3176 733 3231 est,
745 3181 777 3219 so
789 3166 903 3218 Gruter.
957 3165 1022 3219 The
1034 3166 1114 3221 MSS.
1127 3167 1198 3221 omit
1208 3178 1255 3222 est.

219 3251 260 3300 13.
292 3252 337 3317 ‘res
356 3252 438 3288 omnes
457 3234 565 3289 Camer.
629 3254 712 3290 omnes
730 3254 770 3289 res
789 3235 837 3289 the
856 3234 936 3289 MSS.
1002 3237 1079 3306 lepide
1096 3256 1127 3291 ea
1144 3240 1224 3292 onius
1241 3257 1282 3293 res
1302 3237 1327 3290 R

178 3320 217 3359 on
235 3320 309 3358 con.

218 3378 258 3428 16.
286 3320 356 3429 Jhaec
368 3393 408 3427 me
419 3375 511 3441 deceat,
524 3390 556 3428 so
565 3374 674 3429 Camer.
722 3376 784 3429 haec
797 3394 838 3428 me
848 3376 915 3429 decer
927 3375 949 3429 is
960 3374 1009 3430 the
1021 3375 1135 3444 reading
1146 3376 1179 3432 of
1188 3376 1236 3430 the
1247 3375 1328 3429 MSS.

180 3447 241 3499 haec
253 3445 319 3499 decet
330 3464 370 3498 me
383 3444 430 3511 W,
442 3444 582 3512 following
593 3444 676 3499 Both.

218 3530 259 3579 17.
285 3518 382 3582 firma
394 3513 444 3568 Ba.

218 3590 261 3638 18.
294 3587 365 3655 Ergo
377 3586 423 3638 hoc
440 3585 478 3651 ob,
496 3600 528 3638 so
547 3584 656 3637 Camer.
720 3581 785 3636 The
798 3582 879 3637 MSS.
891 3582 960 3637 have
972 3585 1044 3653 Ergo
1062 3585 1091 3638 ob
1109 3587 1162 3639 hoc.
1242 3584 1330 3640 Rhas

179 3653 271 3707 Hercle
348 3654 377 3707 ob
394 3656 448 3708 hoe.
556 3673 601 3723 ego
618 3653 689 3706 hodie
705 3653 794 3721 aliqui,
812 3652 910 3706 sothe
929 3652 1009 3707 MSS.
1068 3673 1112 3725 ego
1130 3656 1175 3708 hoc
1193 3654 1233 3707 die
1249 3655 1329 3725 aliqui

109 3760 113 3765 -
179 3722 263 3863 qoth.
280 3794 332 3862 ]R
399 3743 444 3795 ego
455 3725 570 3795 prqfecto
588 3723 658 3776 bodie
675 3722 755 3792 aliqui
772 3723 881 3777 Camer.
899 3722 978 3792 Vulg.
1048 3723 1145 3778 donabo
1162 3723 1233 3777 hodie
1249 3726 1331 3793 aliqui

191 3795 281 3847 merito
334 3831 342 3848 .

222 3880 263 3928 19·
293 3866 390 3933 patiar
402 3865 434 3918 C.
553 3863 635 3917 istam
647 3861 679 3916 Β.
727 3863 794 3917 hanc
805 3862 853 3917 the
865 3867 924 3917 rest
934 3861 967 3917 of
976 3862 1024 3915 the
1037 3861 1117 3915 MSS.
1232 3863 1331 3927 gratiis

179 3935 281 3986 ...mi
290 3934 463 4057 22&thss
475 3932 544 3987 have
552 3936 640 4004 gratis
653 3972 660 3987 .
674 3971 681 3988 .
694 3971 702 3988 .
714 3935 786 3987 mihi.

233 4020 258 4056 0.
465 4041 472 4057 .

216 4020 261 4124 li.
296 4023 463 4138 Ehommlenvis,
475 4088 507 4127 so
518 4073 566 4127 the
579 4072 659 4127 Mss.
716 4073 773 4126 Ehe
784 4089 820 4125 an
832 4070 920 4121 mavis
935 4066 969 4130 R,
982 4060 1126 4121 excludinss
1136 4055 1181 4107 eho
1192 4055 1267 4113 from
1279 4060 1328 4115 the

180 4140 315 4193 scansion.
378 4145 551 4213 virmerarr'er
563 4143 646 4197 Both.
660 4142 734 4196 RW.
817 4137 963 4204 numerari
974 4133 1022 4184 the
1035 4127 1115 4179 MSS·

218 4226 261 4275 23·
350 4212 399 4265 iem
413 4213 501 4267 Codd.
515 4214 565 4267 Pii.
654 4211 764 4263 inridere
775 4206 833 4259 ΒΖ.
899 4203 1007 4255 irridere
1018 4197 1066 4250 the
1078 4196 1145 4245 rest.

217 4296 261 4344 ²4·
318 4281 347 4333 ‘ct‘
358 4283 422 4335 mihi
434 4282 547 4337 BCDZ.
618 4281 682 4332 mihi
693 4279 744 4331 dici
756 4277 778 4328 F
780 4274 856 4327 WR.

218 4365 259 4414 ²5·
295 4369 336 4403 me
346 4370 416 4405 ames
428 4356 475 4407 ira.
513 4352 606 4405 These
618 4348 708 4401 words
719 4361 766 4398 are
778 4343 842 4396 thus
852 4340 964 4395 derived
977 4340 1004 4392 in
1017 4335 1187 4409 Β-ήπῑαμν
1198 4339 1262 4395 sira.

217 4422 260 4474 ²⁶·
294 4439 413 4477 ornarem
425 4422 474 4479 the
484 4421 565 4475 MSS.
610 4420 724 4472 amarini
734 4416 835 4482 Guyet.
850 4412 924 4466 RW.
964 4403 1179 4464 Νοοοπθθῒῐθῦ
1193 4410 1334 4482 required.
