<?xml version="1.0" encoding="UTF-8"?>
<!DOCTYPE html PUBLIC "-//W3C//DTD XHTML 1.0 Transitional//EN"
    "http://www.w3.org/TR/xhtml1/DTD/xhtml1-transitional.dtd">
<html xmlns="http://www.w3.org/1999/xhtml" xml:lang="en" lang="en">
 <head>
  <title>
</title>
<meta http-equiv="Content-Type" content="text/html;charset=utf-8" />
  <meta name='ocr-system' content='tesseract 3.04.00' />
  <meta name='ocr-capabilities' content='ocr_page ocr_carea ocr_par ocr_line ocrx_word'/>
</head>
<body>
  <div class='ocr_page' id='page_1' title='image "./mostellariaplau01ramsgoog_0184.png"; bbox 0 0 3164 4994; ppageno 0'>
   <div class='ocr_carea' id='block_1_1' title="bbox 519 395 1326 472">
    <p class='ocr_par' dir='ltr' id='par_1_1' title="bbox 519 395 1326 472">
     <span class='ocr_line' id='line_1_1' title="bbox 519 395 1326 472; baseline 0 -18"><span class='ocrx_word' id='word_1_1' title='bbox 519 395 656 456; x_wconf 84' lang='lat' dir='ltr'>ACTVS</span> <span class='ocrx_word' id='word_1_2' title='bbox 687 396 741 455; x_wconf 92' lang='lat' dir='ltr'>Ill.</span> <span class='ocrx_word' id='word_1_3' title='bbox 800 396 933 457; x_wconf 79' lang='lat' dir='ltr'><strong>SCENA</strong></span> <span class='ocrx_word' id='word_1_4' title='bbox 963 397 986 455; x_wconf 90' lang='lat'>1.</span> <span class='ocrx_word' id='word_1_5' title='bbox 1287 412 1326 472; x_wconf 91' lang='lat'>41</span> 
     </span>
    </p>
   </div>
   <div class='ocr_carea' id='block_1_2' title="bbox 178 581 1334 2461">
    <p class='ocr_par' dir='ltr' id='par_1_2' title="bbox 178 581 1334 2461">
     <span class='ocr_line' id='line_1_2' title="bbox 179 581 1329 667; baseline -0.003 -21"><span class='ocrx_word' id='word_1_6' title='bbox 179 582 311 667; x_wconf 84' lang='lat' dir='ltr'>Pergam</span> <span class='ocrx_word' id='word_1_7' title='bbox 334 582 460 644; x_wconf 87' lang='lat' dir='ltr'>turbare</span> <span class='ocrx_word' id='word_1_8' title='bbox 483 601 591 665; x_wconf 88' lang='lat' dir='ltr'>porro:</span> <span class='ocrx_word' id='word_1_9' title='bbox 624 583 671 646; x_wconf 89' lang='lat' dir='ltr'>ita</span> <span class='ocrx_word' id='word_1_10' title='bbox 692 583 771 647; x_wconf 88' lang='lat' dir='ltr'>haec</span> <span class='ocrx_word' id='word_1_11' title='bbox 794 603 843 646; x_wconf 90' lang='lat' dir='ltr'>res</span> <span class='ocrx_word' id='word_1_12' title='bbox 865 581 1015 666; x_wconf 86' lang='lat' dir='ltr'>postulat.</span> <span class='ocrx_word' id='word_1_13' title='bbox 1290 595 1329 663; x_wconf 83' lang='lat'>15</span> 
     </span>
     <span class='ocr_line' id='line_1_3' title="bbox 180 692 1285 779; baseline -0.005 -22"><span class='ocrx_word' id='word_1_14' title='bbox 180 693 271 757; x_wconf 88' lang='lat' dir='ltr'>Vnde</span> <span class='ocrx_word' id='word_1_15' title='bbox 294 695 345 758; x_wconf 93' lang='lat' dir='ltr'>is?</span> <span class='ocrx_word' id='word_1_16' title='bbox 416 698 476 757; x_wconf 99' lang='grc' dir='ltr'><em>ΤΗ.</em></span> <span class='ocrx_word' id='word_1_17' title='bbox 499 694 649 759; x_wconf 84' lang='lat' dir='ltr'>Conveni</span> <span class='ocrx_word' id='word_1_18' title='bbox 674 695 777 779; x_wconf 92' lang='lat' dir='ltr'>illum,</span> <span class='ocrx_word' id='word_1_19' title='bbox 799 694 883 757; x_wconf 90' lang='lat' dir='ltr'>unde</span> <span class='ocrx_word' id='word_1_20' title='bbox 906 695 1000 756; x_wconf 91' lang='lat' dir='ltr'>hasce</span> <span class='ocrx_word' id='word_1_21' title='bbox 1022 692 1111 755; x_wconf 82' lang='lat' dir='ltr'>aedis</span> <span class='ocrx_word' id='word_1_22' title='bbox 1133 710 1285 754; x_wconf 90' lang='lat' dir='ltr'>emeram.</span> 
     </span>
     <span class='ocr_line' id='line_1_4' title="bbox 226 805 1078 891; baseline -0.001 -22"><span class='ocrx_word' id='word_1_23' title='bbox 226 811 286 870; x_wconf 76' lang='grc' dir='ltr'><em>ΤΗ.</em></span> <span class='ocrx_word' id='word_1_24' title='bbox 318 806 486 889; x_wconf 89' lang='lat' dir='ltr'><strong>Numquid</strong></span> <span class='ocrx_word' id='word_1_25' title='bbox 508 806 619 870; x_wconf 81' lang='lat' dir='ltr'>dixisti</span> <span class='ocrx_word' id='word_1_26' title='bbox 641 807 681 869; x_wconf 92' lang='lat' dir='ltr'>de</span> <span class='ocrx_word' id='word_1_27' title='bbox 705 807 773 891; x_wconf 84' lang='lat' dir='ltr'>illu,</span> <span class='ocrx_word' id='word_1_28' title='bbox 794 806 877 889; x_wconf 92' lang='lat' dir='ltr'>quod</span> <span class='ocrx_word' id='word_1_29' title='bbox 899 805 967 869; x_wconf 82' lang='lat' dir='ltr'>dixi</span> <span class='ocrx_word' id='word_1_30' title='bbox 991 806 1078 869; x_wconf 88' lang='lat' dir='ltr'>tibi?</span> 
     </span>
     <span class='ocr_line' id='line_1_5' title="bbox 226 916 1288 1006; baseline -0.003 -26"><span class='ocrx_word' id='word_1_31' title='bbox 226 921 286 981; x_wconf 86' lang='grc' dir='ltr'><em>ΤΗ.</em></span> <span class='ocrx_word' id='word_1_32' title='bbox 316 918 395 982; x_wconf 85' lang='lat' dir='ltr'>Dixi</span> <span class='ocrx_word' id='word_1_33' title='bbox 427 918 530 982; x_wconf 89' lang='lat' dir='ltr'>hercle</span> <span class='ocrx_word' id='word_1_34' title='bbox 563 938 639 982; x_wconf 89' lang='lat' dir='ltr'>vero</span> <span class='ocrx_word' id='word_1_35' title='bbox 672 919 753 1006; x_wconf 92' lang='lat' dir='ltr'>[illi]</span> <span class='ocrx_word' id='word_1_36' title='bbox 781 921 902 982; x_wconf 91' lang='lat' dir='ltr'>omnia.</span> <span class='ocrx_word' id='word_1_37' title='bbox 994 922 1055 981; x_wconf 75' lang='grc' dir='ltr'><em>ΤΗ.</em></span> <span class='ocrx_word' id='word_1_38' title='bbox 1077 916 1146 980; x_wconf 85' lang='lat' dir='ltr'>Vae</span> <span class='ocrx_word' id='word_1_39' title='bbox 1169 917 1288 979; x_wconf 90' lang='lat' dir='ltr'>misero</span> 
     </span>
     <span class='ocr_line' id='line_1_6' title="bbox 306 1031 536 1117; baseline -0.004 -24"><span class='ocrx_word' id='word_1_40' title='bbox 306 1031 407 1093; x_wconf 92' lang='lat' dir='ltr'>mihi!</span> <span class='ocrx_word' id='word_1_41' title='bbox 532 1110 536 1117; x_wconf 19' lang='grc' dir='ltr'>ι</span> 
     </span>
     <span class='ocr_line' id='line_1_7' title="bbox 178 1142 1010 1228; baseline 0.002 -24"><span class='ocrx_word' id='word_1_42' title='bbox 178 1142 304 1226; x_wconf 89' lang='lat' dir='ltr'>Metu0,</span> <span class='ocrx_word' id='word_1_43' title='bbox 327 1163 368 1205; x_wconf 97' lang='lat' dir='ltr'>ne</span> <span class='ocrx_word' id='word_1_44' title='bbox 390 1143 526 1207; x_wconf 88' lang='lat' dir='ltr'>technae</span> <span class='ocrx_word' id='word_1_45' title='bbox 550 1162 641 1206; x_wconf 91' lang='lat' dir='ltr'>meae</span> <span class='ocrx_word' id='word_1_46' title='bbox 664 1153 816 1228; x_wconf 88' lang='lat' dir='ltr'>perpetuo</span> <span class='ocrx_word' id='word_1_47' title='bbox 839 1142 1010 1227; x_wconf 89' lang='lat' dir='ltr'>perierint!</span> 
     </span>
     <span class='ocr_line' id='line_1_8' title="bbox 225 1249 1286 1348; baseline -0.004 -31"><span class='ocrx_word' id='word_1_48' title='bbox 225 1259 285 1317; x_wconf 76' lang='grc' dir='ltr'><em>ΤΗ.</em></span> <span class='ocrx_word' id='word_1_49' title='bbox 316 1255 402 1348; x_wconf 80' lang='lat' dir='ltr'>Qid</span> <span class='ocrx_word' id='word_1_50' title='bbox 434 1265 503 1319; x_wconf 92' lang='lat' dir='ltr'>tute</span> <span class='ocrx_word' id='word_1_51' title='bbox 533 1257 665 1320; x_wconf 90' lang='lat' dir='ltr'>tecum?</span> <span class='ocrx_word' id='word_1_52' title='bbox 770 1260 831 1320; x_wconf 78' lang='grc' dir='ltr'><em>ΤΗ.</em></span> <span class='ocrx_word' id='word_1_53' title='bbox 856 1254 954 1318; x_wconf 92' lang='lat' dir='ltr'>Nihil</span> <span class='ocrx_word' id='word_1_54' title='bbox 984 1255 1084 1317; x_wconf 91' lang='lat' dir='ltr'>enim.</span> <span class='ocrx_word' id='word_1_55' title='bbox 1141 1251 1201 1317; x_wconf 86' lang='lat' dir='ltr'>Sed</span> <span class='ocrx_word' id='word_1_56' title='bbox 1233 1249 1286 1314; x_wconf 91' lang='lat' dir='ltr'>dic</span> 
     </span>
     <span class='ocr_line' id='line_1_9' title="bbox 263 1368 1332 1430; baseline -0.004 0"><span class='ocrx_word' id='word_1_57' title='bbox 263 1368 362 1430; x_wconf 92' lang='lat' dir='ltr'>mihi:</span> <span class='ocrx_word' id='word_1_58' title='bbox 1291 1382 1332 1426; x_wconf 88' lang='lat'>20</span> 
     </span>
     <span class='ocr_line' id='line_1_10' title="bbox 179 1477 1174 1564; baseline -0.002 -24"><span class='ocrx_word' id='word_1_59' title='bbox 179 1477 327 1563; x_wconf 82' lang='lat' dir='ltr'>Dixtine,</span> <span class='ocrx_word' id='word_1_60' title='bbox 348 1482 489 1562; x_wconf 84' lang='lat' dir='ltr'>quaeso?</span> <span class='ocrx_word' id='word_1_61' title='bbox 552 1485 613 1544; x_wconf 88' lang='grc' dir='ltr'><em>ΤΗ.</em></span> <span class='ocrx_word' id='word_1_62' title='bbox 636 1481 728 1560; x_wconf 86' lang='lat' dir='ltr'>Dixi,</span> <span class='ocrx_word' id='word_1_63' title='bbox 753 1483 896 1564; x_wconf 84' lang='lat' dir='ltr'>inquam,</span> <span class='ocrx_word' id='word_1_64' title='bbox 917 1478 1029 1541; x_wconf 89' lang='lat' dir='ltr'>ordine</span> <span class='ocrx_word' id='word_1_65' title='bbox 1052 1477 1174 1540; x_wconf 83' lang='lat' dir='ltr'>omnia.</span> 
     </span>
     <span class='ocr_line' id='line_1_11' title="bbox 225 1589 1229 1678; baseline -0.004 -24"><span class='ocrx_word' id='word_1_66' title='bbox 225 1595 285 1655; x_wconf 74' lang='grc' dir='ltr'><em>ΤΗ.</em></span> <span class='ocrx_word' id='word_1_67' title='bbox 315 1591 422 1656; x_wconf 88' lang='lat' dir='ltr'>Etiam</span> <span class='ocrx_word' id='word_1_68' title='bbox 445 1594 566 1656; x_wconf 90' lang='lat' dir='ltr'>fatetur</span> <span class='ocrx_word' id='word_1_69' title='bbox 587 1595 627 1656; x_wconf 89' lang='lat' dir='ltr'>de</span> <span class='ocrx_word' id='word_1_70' title='bbox 648 1594 799 1678; x_wconf 85' lang='lat' dir='ltr'>hospite?</span> <span class='ocrx_word' id='word_1_71' title='bbox 890 1595 949 1654; x_wconf 90' lang='grc' dir='ltr'><em>ΤΗ.</em></span> <span class='ocrx_word' id='word_1_72' title='bbox 973 1589 1044 1653; x_wconf 92' lang='lat' dir='ltr'>lmo</span> <span class='ocrx_word' id='word_1_73' title='bbox 1066 1597 1229 1672; x_wconf 82' lang='lat' dir='ltr'>pernegat.</span> 
     </span>
     <span class='ocr_line' id='line_1_12' title="bbox 224 1699 1289 1792; baseline -0.005 -26"><span class='ocrx_word' id='word_1_74' title='bbox 224 1707 283 1768; x_wconf 72' lang='grc' dir='ltr'><em>ΤΗ.</em></span> <span class='ocrx_word' id='word_1_75' title='bbox 314 1703 448 1789; x_wconf 84' lang='lat' dir='ltr'>Negat?</span> <span class='ocrx_word' id='word_1_76' title='bbox 484 1709 566 1792; x_wconf 86' lang='grc' dir='ltr'><em>[ΤΗ.</em></span> <span class='ocrx_word' id='word_1_77' title='bbox 591 1705 713 1790; x_wconf 82' lang='lat' dir='ltr'>Negat,</span> <span class='ocrx_word' id='word_1_78' title='bbox 736 1707 877 1787; x_wconf 88' lang='lat' dir='ltr'>inquam.</span> <span class='ocrx_word' id='word_1_79' title='bbox 964 1707 1025 1766; x_wconf 72' lang='grc' dir='ltr'><em>ΤΗ.</em></span> <span class='ocrx_word' id='word_1_80' title='bbox 1047 1701 1132 1765; x_wconf 91' lang='lat' dir='ltr'>Perii</span> <span class='ocrx_word' id='word_1_81' title='bbox 1156 1699 1289 1784; x_wconf 88' lang='lat' dir='ltr'>oppido]</span> 
     </span>
     <span class='ocr_line' id='line_1_13' title="bbox 307 1820 543 1901; baseline 0.017 -24"><span class='ocrx_word' id='word_1_82' title='bbox 307 1835 402 1898; x_wconf 90' lang='lat' dir='ltr'>quom</span> <span class='ocrx_word' id='word_1_83' title='bbox 425 1820 543 1901; x_wconf 74' lang='lat' dir='ltr'>cogito·</span> 
     </span>
     <span class='ocr_line' id='line_1_14' title="bbox 179 1926 1102 2015; baseline 0 -26"><span class='ocrx_word' id='word_1_84' title='bbox 179 1926 276 2013; x_wconf 85' lang='lat' dir='ltr'>[Non</span> <span class='ocrx_word' id='word_1_85' title='bbox 299 1928 495 2015; x_wconf 65' lang='lat' dir='ltr'>confitetur}</span> <span class='ocrx_word' id='word_1_86' title='bbox 588 1933 648 1993; x_wconf 90' lang='grc' dir='ltr'>ΤΗ.</span> <span class='ocrx_word' id='word_1_87' title='bbox 671 1929 789 1992; x_wconf 84' lang='lat' dir='ltr'>Dicam</span> <span class='ocrx_word' id='word_1_88' title='bbox 813 1929 840 1990; x_wconf 92' lang='lat' dir='ltr'>si</span> <span class='ocrx_word' id='word_1_89' title='bbox 864 1926 1027 1991; x_wconf 85' lang='lat' dir='ltr'>confessus</span> <span class='ocrx_word' id='word_1_90' title='bbox 1049 1928 1102 1990; x_wconf 91' lang='lat' dir='ltr'>sit.</span> 
     </span>
     <span class='ocr_line' id='line_1_15' title="bbox 179 2038 1334 2128; baseline 0.002 -27"><span class='ocrx_word' id='word_1_91' title='bbox 179 2039 266 2128; x_wconf 79' lang='lat' dir='ltr'>Qid</span> <span class='ocrx_word' id='word_1_92' title='bbox 290 2060 376 2104; x_wconf 88' lang='lat' dir='ltr'>nunc</span> <span class='ocrx_word' id='word_1_93' title='bbox 399 2041 585 2105; x_wconf 74' lang='lat' dir='ltr'>Faciundum</span> <span class='ocrx_word' id='word_1_94' title='bbox 608 2041 742 2104; x_wconf 88' lang='lat' dir='ltr'>censes?</span> <span class='ocrx_word' id='word_1_95' title='bbox 792 2043 851 2103; x_wconf 70' lang='grc' dir='ltr'><em>ΤΗ.</em></span> <span class='ocrx_word' id='word_1_96' title='bbox 876 2038 978 2123; x_wconf 87' lang='lat' dir='ltr'>Egon’</span> <span class='ocrx_word' id='word_1_97' title='bbox 993 2039 1069 2120; x_wconf 92' lang='lat' dir='ltr'>quid</span> <span class='ocrx_word' id='word_1_98' title='bbox 1085 2038 1256 2102; x_wconf 87' lang='lat' dir='ltr'>censeam?</span> <span class='ocrx_word' id='word_1_99' title='bbox 1292 2053 1334 2120; x_wconf 79' lang='lat'>25</span> 
     </span>
     <span class='ocr_line' id='line_1_16' title="bbox 180 2148 1089 2239; baseline 0.002 -27"><span class='ocrx_word' id='word_1_100' title='bbox 180 2148 283 2233; x_wconf 84' lang='lat' dir='ltr'>Cape,</span> <span class='ocrx_word' id='word_1_101' title='bbox 305 2171 436 2234; x_wconf 88' lang='lat' dir='ltr'>opsecro</span> <span class='ocrx_word' id='word_1_102' title='bbox 458 2153 562 2216; x_wconf 88' lang='lat' dir='ltr'>hercle</span> <span class='ocrx_word' id='word_1_103' title='bbox 586 2156 663 2239; x_wconf 84' lang='lat' dir='ltr'>[te],</span> <span class='ocrx_word' id='word_1_104' title='bbox 686 2172 759 2216; x_wconf 90' lang='lat' dir='ltr'>cum</span> <span class='ocrx_word' id='word_1_105' title='bbox 782 2171 822 2214; x_wconf 91' lang='lat' dir='ltr'>eo</span> <span class='ocrx_word' id='word_1_106' title='bbox 842 2171 907 2214; x_wconf 89' lang='lat' dir='ltr'>una</span> <span class='ocrx_word' id='word_1_107' title='bbox 929 2150 1089 2231; x_wconf 73' lang='lat' dir='ltr'>iudicem,</span> 
     </span>
     <span class='ocr_line' id='line_1_17' title="bbox 180 2259 997 2348; baseline 0.005 -27"><span class='ocrx_word' id='word_1_108' title='bbox 180 2259 241 2322; x_wconf 85' lang='lat' dir='ltr'>Sed</span> <span class='ocrx_word' id='word_1_109' title='bbox 264 2280 338 2323; x_wconf 91' lang='lat' dir='ltr'>eum</span> <span class='ocrx_word' id='word_1_110' title='bbox 362 2262 472 2326; x_wconf 89' lang='lat' dir='ltr'>videto</span> <span class='ocrx_word' id='word_1_111' title='bbox 493 2274 529 2326; x_wconf 93' lang='lat' dir='ltr'>ut</span> <span class='ocrx_word' id='word_1_112' title='bbox 551 2268 669 2348; x_wconf 86' lang='lat' dir='ltr'>capias,</span> <span class='ocrx_word' id='word_1_113' title='bbox 691 2267 744 2347; x_wconf 93' lang='lat' dir='ltr'>qui</span> <span class='ocrx_word' id='word_1_114' title='bbox 768 2263 876 2328; x_wconf 91' lang='lat' dir='ltr'>credat</span> <span class='ocrx_word' id='word_1_115' title='bbox 899 2263 997 2326; x_wconf 92' lang='lat' dir='ltr'>mihi:</span> 
     </span>
     <span class='ocr_line' id='line_1_18' title="bbox 181 2372 1067 2461; baseline 0.001 -27"><span class='ocrx_word' id='word_1_116' title='bbox 181 2372 268 2435; x_wconf 89' lang='lat' dir='ltr'>Tam</span> <span class='ocrx_word' id='word_1_117' title='bbox 291 2373 387 2435; x_wconf 88' lang='lat' dir='ltr'>facile</span> <span class='ocrx_word' id='word_1_118' title='bbox 411 2376 535 2458; x_wconf 64' lang='lat' dir='ltr'>vinem,</span> <span class='ocrx_word' id='word_1_119' title='bbox 557 2394 653 2457; x_wconf 90' lang='lat' dir='ltr'>quam</span> <span class='ocrx_word' id='word_1_120' title='bbox 674 2379 778 2461; x_wconf 91' lang='lat' dir='ltr'>pirum</span> <span class='ocrx_word' id='word_1_121' title='bbox 800 2377 910 2459; x_wconf 88' lang='lat' dir='ltr'>volpes</span> <span class='ocrx_word' id='word_1_122' title='bbox 933 2379 1067 2438; x_wconf 85' lang='lat' dir='ltr'>comest.</span> 
     </span>
    </p>
   </div>
   <div class='ocr_carea' id='block_1_3' title="bbox 181 2579 1334 3006">
    <p class='ocr_par' dir='ltr' id='par_1_3' title="bbox 221 2579 388 2643">
     <span class='ocr_line' id='line_1_19' title="bbox 221 2579 388 2643; baseline 0.006 -11"><span class='ocrx_word' id='word_1_123' title='bbox 221 2595 262 2643; x_wconf 84' lang='lat'>15.</span> <span class='ocrx_word' id='word_1_124' title='bbox 299 2579 342 2631; x_wconf 81' lang='lat' dir='ltr'>hec</span> <span class='ocrx_word' id='word_1_125' title='bbox 355 2580 388 2633; x_wconf 87' lang='lat' dir='ltr'>C.</span> 
     </span>
    </p>

    <p class='ocr_par' dir='ltr' id='par_1_4' title="bbox 183 2648 1334 2791">
     <span class='ocr_line' id='line_1_20' title="bbox 219 2648 1334 2708; baseline -0.002 -5"><span class='ocrx_word' id='word_1_126' title='bbox 219 2654 258 2703; x_wconf 86' lang='lat'>16.</span> <span class='ocrx_word' id='word_1_127' title='bbox 298 2651 557 2706; x_wconf 76' lang='lat' dir='ltr'>VndeisisoVul.</span> <span class='ocrx_word' id='word_1_128' title='bbox 631 2654 699 2708; x_wconf 84' lang='lat' dir='ltr'>Vnde</span> <span class='ocrx_word' id='word_1_129' title='bbox 710 2655 749 2706; x_wconf 82' lang='lat' dir='ltr'>his</span> <span class='ocrx_word' id='word_1_130' title='bbox 762 2670 795 2706; x_wconf 94' lang='lat' dir='ltr'>or</span> <span class='ocrx_word' id='word_1_131' title='bbox 809 2654 915 2707; x_wconf 81' lang='lat' dir='ltr'>Vndehis</span> <span class='ocrx_word' id='word_1_132' title='bbox 929 2652 976 2705; x_wconf 87' lang='lat' dir='ltr'>the</span> <span class='ocrx_word' id='word_1_133' title='bbox 990 2651 1071 2704; x_wconf 85' lang='lat' dir='ltr'>MSS.</span> <span class='ocrx_word' id='word_1_134' title='bbox 1160 2648 1334 2704; x_wconf 84' lang='lat' dir='ltr'>aedisBand</span> 
     </span>
     <span class='ocr_line' id='line_1_21' title="bbox 183 2717 537 2791; baseline 0.011 -18"><span class='ocrx_word' id='word_1_135' title='bbox 183 2729 255 2775; x_wconf 86' lang='lat' dir='ltr'>most</span> <span class='ocrx_word' id='word_1_136' title='bbox 267 2717 301 2771; x_wconf 84' lang='lat' dir='ltr'>of</span> <span class='ocrx_word' id='word_1_137' title='bbox 310 2720 358 2774; x_wconf 89' lang='lat' dir='ltr'>the</span> <span class='ocrx_word' id='word_1_138' title='bbox 371 2721 452 2774; x_wconf 85' lang='lat' dir='ltr'><strong>MSS.</strong></span> <span class='ocrx_word' id='word_1_139' title='bbox 465 2722 537 2791; x_wconf 88' lang='lat' dir='ltr'>(acc.</span> 
     </span>
    </p>

    <p class='ocr_par' dir='ltr' id='par_1_5' title="bbox 220 2792 1077 2861">
     <span class='ocr_line' id='line_1_22' title="bbox 220 2792 1077 2861; baseline 0.002 -17"><span class='ocrx_word' id='word_1_140' title='bbox 220 2808 260 2855; x_wconf 86' lang='lat'>17.</span> <span class='ocrx_word' id='word_1_141' title='bbox 297 2794 360 2857; x_wconf 79' lang='lat' dir='ltr'>dixi,</span> <span class='ocrx_word' id='word_1_142' title='bbox 373 2792 494 2860; x_wconf 77' lang='lat' dir='ltr'>soVulg.</span> <span class='ocrx_word' id='word_1_143' title='bbox 567 2796 635 2848; x_wconf 76' lang='lat' dir='ltr'>dixit</span> <span class='ocrx_word' id='word_1_144' title='bbox 648 2794 767 2861; x_wconf 91' lang='lat' dir='ltr'>BaCDa,</span> <span class='ocrx_word' id='word_1_145' title='bbox 780 2810 814 2848; x_wconf 89' lang='lat' dir='ltr'>an</span> <span class='ocrx_word' id='word_1_146' title='bbox 827 2796 938 2849; x_wconf 86' lang='lat' dir='ltr'>evident</span> <span class='ocrx_word' id='word_1_147' title='bbox 953 2794 1077 2847; x_wconf 87' lang='lat' dir='ltr'>blunder.</span> 
     </span>
    </p>

    <p class='ocr_par' dir='ltr' id='par_1_6' title="bbox 181 2861 1334 3006">
     <span class='ocr_line' id='line_1_23' title="bbox 220 2861 1334 2937; baseline 0.001 -24"><span class='ocrx_word' id='word_1_148' title='bbox 220 2867 260 2915; x_wconf 89' lang='lat'>18.</span> <span class='ocrx_word' id='word_1_149' title='bbox 297 2864 361 2915; x_wconf 81' lang='lat' dir='ltr'>ercle</span> <span class='ocrx_word' id='word_1_150' title='bbox 374 2863 426 2915; x_wconf 92' lang='lat' dir='ltr'>CD</span> <span class='ocrx_word' id='word_1_151' title='bbox 440 2864 493 2917; x_wconf 84' lang='lat' dir='ltr'>and</span> <span class='ocrx_word' id='word_1_152' title='bbox 506 2866 533 2918; x_wconf 88' lang='lat' dir='ltr'>in</span> <span class='ocrx_word' id='word_1_153' title='bbox 547 2883 571 2920; x_wconf 82' lang='lat' dir='ltr'>v,</span> <span class='ocrx_word' id='word_1_154' title='bbox 583 2883 626 2930; x_wconf 84' lang='lat'>52.</span> <span class='ocrx_word' id='word_1_155' title='bbox 749 2885 812 2918; x_wconf 84' lang='lat' dir='ltr'>vero</span> <span class='ocrx_word' id='word_1_156' title='bbox 825 2864 888 2937; x_wconf 80' lang='lat' dir='ltr'>[illi]</span> <span class='ocrx_word' id='word_1_157' title='bbox 902 2867 995 2919; x_wconf 84' lang='lat' dir='ltr'>omnia.</span> <span class='ocrx_word' id='word_1_158' title='bbox 1033 2864 1097 2917; x_wconf 85' lang='lat' dir='ltr'>The</span> <span class='ocrx_word' id='word_1_159' title='bbox 1111 2863 1191 2918; x_wconf 86' lang='lat' dir='ltr'><strong>MSS.</strong></span> <span class='ocrx_word' id='word_1_160' title='bbox 1204 2861 1273 2915; x_wconf 87' lang='lat' dir='ltr'>omit</span> <span class='ocrx_word' id='word_1_161' title='bbox 1284 2862 1334 2928; x_wconf 75' lang='lat' dir='ltr'>illi,</span> 
     </span>
     <span class='ocr_line' id='line_1_24' title="bbox 181 2931 1333 3006; baseline 0.002 -22"><span class='ocrx_word' id='word_1_162' title='bbox 181 2931 269 2987; x_wconf 85' lang='lat' dir='ltr'>which</span> <span class='ocrx_word' id='word_1_163' title='bbox 283 2950 337 2988; x_wconf 85' lang='lat' dir='ltr'>was</span> <span class='ocrx_word' id='word_1_164' title='bbox 349 2934 438 2987; x_wconf 90' lang='lat' dir='ltr'>added</span> <span class='ocrx_word' id='word_1_165' title='bbox 450 2951 486 2987; x_wconf 93' lang='lat' dir='ltr'>on</span> <span class='ocrx_word' id='word_1_166' title='bbox 499 2937 572 3005; x_wconf 90' lang='lat' dir='ltr'>conj.</span> <span class='ocrx_word' id='word_1_167' title='bbox 586 2937 623 3006; x_wconf 83' lang='lat' dir='ltr'>by</span> <span class='ocrx_word' id='word_1_168' title='bbox 636 2935 730 3003; x_wconf 88' lang='lat' dir='ltr'>Pylad.</span> <span class='ocrx_word' id='word_1_169' title='bbox 800 2946 875 3005; x_wconf 80' lang='lat' dir='ltr'>arque</span> <span class='ocrx_word' id='word_1_170' title='bbox 886 2938 972 2991; x_wconf 87' lang='lat' dir='ltr'>omnia</span> <span class='ocrx_word' id='word_1_171' title='bbox 985 2936 1093 2988; x_wconf 90' lang='lat' dir='ltr'>Camer.</span> <span class='ocrx_word' id='word_1_172' title='bbox 1164 2934 1283 2987; x_wconf 81' lang='lat' dir='ltr'>eiomnia</span> <span class='ocrx_word' id='word_1_173' title='bbox 1297 2933 1333 2986; x_wconf 92' lang='lat' dir='ltr'>R.</span> 
     </span>
    </p>
   </div>
   <div class='ocr_carea' id='block_1_4' title="bbox 181 3045 1333 3610">
    <p class='ocr_par' dir='ltr' id='par_1_7' title="bbox 182 3045 1333 3257">
     <span class='ocr_line' id='line_1_25' title="bbox 182 3045 1333 3115; baseline -0.003 -15"><span class='ocrx_word' id='word_1_174' title='bbox 182 3048 241 3113; x_wconf 85' lang='lat' dir='ltr'>Vae,</span> <span class='ocrx_word' id='word_1_175' title='bbox 259 3064 290 3100; x_wconf 89' lang='lat' dir='ltr'>so</span> <span class='ocrx_word' id='word_1_176' title='bbox 309 3047 389 3112; x_wconf 81' lang='lat' dir='ltr'>Vulg.</span> <span class='ocrx_word' id='word_1_177' title='bbox 462 3049 507 3115; x_wconf 61' lang='lat' dir='ltr'>V&amp;</span> <span class='ocrx_word' id='word_1_178' title='bbox 526 3045 575 3099; x_wconf 88' lang='lat' dir='ltr'>Ba.</span> <span class='ocrx_word' id='word_1_179' title='bbox 648 3049 694 3114; x_wconf 71' lang='lat' dir='ltr'>Vd·</span> <span class='ocrx_word' id='word_1_180' title='bbox 713 3047 763 3101; x_wconf 90' lang='lat' dir='ltr'>Bb.</span> <span class='ocrx_word' id='word_1_181' title='bbox 834 3058 859 3100; x_wconf 80' lang='lat' dir='ltr'>er</span> <span class='ocrx_word' id='word_1_182' title='bbox 878 3047 956 3101; x_wconf 90' lang='lat' dir='ltr'>CDa.</span> <span class='ocrx_word' id='word_1_183' title='bbox 1027 3047 1149 3100; x_wconf 84' lang='lat' dir='ltr'>eiDcR.</span> <span class='ocrx_word' id='word_1_184' title='bbox 1215 3047 1257 3098; x_wconf 83' lang='lat' dir='ltr'>hei</span> <span class='ocrx_word' id='word_1_185' title='bbox 1275 3045 1333 3098; x_wconf 87' lang='lat' dir='ltr'>FZ.</span> 
     </span>
     <span class='ocr_line' id='line_1_26' title="bbox 184 3116 1333 3186; baseline -0.001 -18"><span class='ocrx_word' id='word_1_186' title='bbox 184 3117 263 3170; x_wconf 87' lang='lat' dir='ltr'>Here</span> <span class='ocrx_word' id='word_1_187' title='bbox 280 3116 372 3168; x_wconf 85' lang='lat' dir='ltr'>follow</span> <span class='ocrx_word' id='word_1_188' title='bbox 388 3116 416 3167; x_wconf 92' lang='lat' dir='ltr'>in</span> <span class='ocrx_word' id='word_1_189' title='bbox 432 3116 481 3168; x_wconf 88' lang='lat' dir='ltr'>the</span> <span class='ocrx_word' id='word_1_190' title='bbox 498 3116 578 3169; x_wconf 86' lang='lat' dir='ltr'>MSS.</span> <span class='ocrx_word' id='word_1_191' title='bbox 594 3116 642 3169; x_wconf 89' lang='lat' dir='ltr'>the</span> <span class='ocrx_word' id='word_1_192' title='bbox 659 3117 721 3171; x_wconf 86' lang='lat' dir='ltr'>four</span> <span class='ocrx_word' id='word_1_193' title='bbox 735 3119 803 3172; x_wconf 91' lang='lat' dir='ltr'>lines</span> <span class='ocrx_word' id='word_1_194' title='bbox 818 3118 907 3171; x_wconf 86' lang='lat' dir='ltr'>which</span> <span class='ocrx_word' id='word_1_195' title='bbox 924 3135 1010 3172; x_wconf 90' lang='lat' dir='ltr'>occur</span> <span class='ocrx_word' id='word_1_196' title='bbox 1024 3118 1103 3186; x_wconf 82' lang='lat' dir='ltr'>again</span> <span class='ocrx_word' id='word_1_197' title='bbox 1117 3117 1214 3183; x_wconf 84' lang='lat' dir='ltr'>below,</span> <span class='ocrx_word' id='word_1_198' title='bbox 1230 3132 1271 3169; x_wconf 81' lang='lat' dir='ltr'>vv.</span> <span class='ocrx_word' id='word_1_199' title='bbox 1289 3134 1333 3181; x_wconf 75' lang='lat' dir='ltr'>aa,</span> 
     </span>
     <span class='ocr_line' id='line_1_27' title="bbox 186 3185 1066 3257; baseline 0.006 -20"><span class='ocrx_word' id='word_1_200' title='bbox 186 3203 228 3250; x_wconf 85' lang='lat'>25,</span> <span class='ocrx_word' id='word_1_201' title='bbox 238 3189 280 3251; x_wconf 78' lang='lat'>2⁶,</span> <span class='ocrx_word' id='word_1_202' title='bbox 290 3201 332 3248; x_wconf 76' lang='lat'>27.</span> <span class='ocrx_word' id='word_1_203' title='bbox 369 3185 472 3238; x_wconf 84' lang='lat' dir='ltr'>Acidal.</span> <span class='ocrx_word' id='word_1_204' title='bbox 485 3186 615 3239; x_wconf 90' lang='lat' dir='ltr'>detected</span> <span class='ocrx_word' id='word_1_205' title='bbox 627 3188 680 3241; x_wconf 89' lang='lat' dir='ltr'>and</span> <span class='ocrx_word' id='word_1_206' title='bbox 692 3188 838 3243; x_wconf 86' lang='lat' dir='ltr'>corrected</span> <span class='ocrx_word' id='word_1_207' title='bbox 848 3188 897 3241; x_wconf 91' lang='lat' dir='ltr'>the</span> <span class='ocrx_word' id='word_1_208' title='bbox 910 3190 1066 3257; x_wconf 90' lang='lat' dir='ltr'>repetition.</span> 
     </span>
    </p>

    <p class='ocr_par' dir='ltr' id='par_1_8' title="bbox 221 3255 961 3328">
     <span class='ocr_line' id='line_1_28' title="bbox 221 3255 961 3328; baseline 0.008 -20"><span class='ocrx_word' id='word_1_209' title='bbox 221 3274 262 3322; x_wconf 88' lang='lat'>19.</span> <span class='ocrx_word' id='word_1_210' title='bbox 298 3256 401 3309; x_wconf 82' lang='lat' dir='ltr'>technae</span> <span class='ocrx_word' id='word_1_211' title='bbox 413 3255 476 3308; x_wconf 92' lang='lat' dir='ltr'>DZ.</span> <span class='ocrx_word' id='word_1_212' title='bbox 546 3257 657 3311; x_wconf 77' lang='lat' dir='ltr'>techinae</span> <span class='ocrx_word' id='word_1_213' title='bbox 670 3258 755 3313; x_wconf 89' lang='lat' dir='ltr'><strong>BCR.</strong></span> <span class='ocrx_word' id='word_1_214' title='bbox 827 3269 916 3328; x_wconf 68' lang='lat' dir='ltr'>regnae</span> <span class='ocrx_word' id='word_1_215' title='bbox 930 3261 961 3314; x_wconf 87' lang='lat' dir='ltr'>F.</span> 
     </span>
    </p>

    <p class='ocr_par' dir='ltr' id='par_1_9' title="bbox 220 3326 775 3382">
     <span class='ocr_line' id='line_1_29' title="bbox 220 3326 775 3382; baseline 0.007 -4"><span class='ocrx_word' id='word_1_216' title='bbox 220 3344 262 3379; x_wconf 63' lang='grc' dir='ltr'><em>πο.</em></span> <span class='ocrx_word' id='word_1_217' title='bbox 298 3326 396 3379; x_wconf 65' lang='lat' dir='ltr'>tuter.</span> <span class='ocrx_word' id='word_1_218' title='bbox 467 3337 531 3380; x_wconf 79' lang='lat' dir='ltr'>tute</span> <span class='ocrx_word' id='word_1_219' title='bbox 544 3327 576 3379; x_wconf 91' lang='lat' dir='ltr'>Z.</span> <span class='ocrx_word' id='word_1_220' title='bbox 647 3329 775 3382; x_wconf 80' lang='lat' dir='ltr'>ruBCD.</span> 
     </span>
    </p>

    <p class='ocr_par' dir='ltr' id='par_1_10' title="bbox 181 3397 1331 3537">
     <span class='ocr_line' id='line_1_30' title="bbox 218 3397 1331 3468; baseline 0.002 -20"><span class='ocrx_word' id='word_1_221' title='bbox 218 3415 260 3450; x_wconf 84' lang='lat'>21.</span> <span class='ocrx_word' id='word_1_222' title='bbox 297 3398 457 3462; x_wconf 59' lang='lat' dir='ltr'>Dracinaso</span> <span class='ocrx_word' id='word_1_223' title='bbox 476 3397 509 3451; x_wconf 89' lang='lat' dir='ltr'>R.</span> <span class='ocrx_word' id='word_1_224' title='bbox 581 3399 676 3453; x_wconf 76' lang='lat' dir='ltr'>Dixtin</span> <span class='ocrx_word' id='word_1_225' title='bbox 694 3399 742 3452; x_wconf 91' lang='lat' dir='ltr'>the</span> <span class='ocrx_word' id='word_1_226' title='bbox 761 3400 850 3463; x_wconf 74' lang='lat' dir='ltr'>MSS,</span> <span class='ocrx_word' id='word_1_227' title='bbox 863 3406 963 3468; x_wconf 86' lang='lat' dir='ltr'>except</span> <span class='ocrx_word' id='word_1_228' title='bbox 982 3402 1014 3465; x_wconf 88' lang='lat' dir='ltr'>C,</span> <span class='ocrx_word' id='word_1_229' title='bbox 1026 3399 1116 3453; x_wconf 89' lang='lat' dir='ltr'>which</span> <span class='ocrx_word' id='word_1_230' title='bbox 1134 3399 1182 3452; x_wconf 88' lang='lat' dir='ltr'>has</span> <span class='ocrx_word' id='word_1_231' title='bbox 1200 3398 1279 3450; x_wconf 81' lang='lat' dir='ltr'>Dixit</span> <span class='ocrx_word' id='word_1_232' title='bbox 1296 3399 1331 3450; x_wconf 82' lang='lat' dir='ltr'>in.</span> 
     </span>
     <span class='ocr_line' id='line_1_31' title="bbox 181 3467 1214 3537; baseline -0.001 -16"><span class='ocrx_word' id='word_1_233' title='bbox 181 3469 298 3522; x_wconf 80' lang='lat' dir='ltr'>Dixistin</span> <span class='ocrx_word' id='word_1_234' title='bbox 310 3467 359 3521; x_wconf 90' lang='lat' dir='ltr'>W.</span> <span class='ocrx_word' id='word_1_235' title='bbox 466 3488 537 3537; x_wconf 82' lang='lat' dir='ltr'>queso</span> <span class='ocrx_word' id='word_1_236' title='bbox 549 3469 597 3522; x_wconf 91' lang='lat' dir='ltr'>BC</span> <span class='ocrx_word' id='word_1_237' title='bbox 611 3469 665 3522; x_wconf 87' lang='lat' dir='ltr'>and</span> <span class='ocrx_word' id='word_1_238' title='bbox 677 3487 702 3522; x_wconf 87' lang='lat' dir='ltr'>v.</span> <span class='ocrx_word' id='word_1_239' title='bbox 713 3485 756 3534; x_wconf 90' lang='lat'>47.</span> <span class='ocrx_word' id='word_1_240' title='bbox 1209 3505 1214 3513; x_wconf 82' lang='lat'>.</span> 
     </span>
    </p>

    <p class='ocr_par' dir='ltr' id='par_1_11' title="bbox 217 3537 1330 3610">
     <span class='ocr_line' id='line_1_32' title="bbox 217 3537 1330 3610; baseline -0.002 -19"><span class='ocrx_word' id='word_1_241' title='bbox 217 3556 258 3605; x_wconf 84' lang='lat'>23,</span> <span class='ocrx_word' id='word_1_242' title='bbox 270 3558 311 3603; x_wconf 77' lang='lat'>24.</span> <span class='ocrx_word' id='word_1_243' title='bbox 349 3538 442 3592; x_wconf 77' lang='lat' dir='ltr'>These</span> <span class='ocrx_word' id='word_1_244' title='bbox 455 3546 512 3593; x_wconf 86' lang='lat' dir='ltr'>two</span> <span class='ocrx_word' id='word_1_245' title='bbox 529 3539 597 3592; x_wconf 84' lang='lat' dir='ltr'>lines</span> <span class='ocrx_word' id='word_1_246' title='bbox 613 3555 714 3607; x_wconf 85' lang='lat' dir='ltr'>appear</span> <span class='ocrx_word' id='word_1_247' title='bbox 725 3539 814 3593; x_wconf 88' lang='lat' dir='ltr'>under</span> <span class='ocrx_word' id='word_1_248' title='bbox 824 3556 840 3593; x_wconf 85' lang='lat' dir='ltr'>a</span> <span class='ocrx_word' id='word_1_249' title='bbox 852 3556 918 3610; x_wconf 83' lang='lat' dir='ltr'>very</span> <span class='ocrx_word' id='word_1_250' title='bbox 930 3541 1074 3595; x_wconf 86' lang='lat' dir='ltr'>mutilated</span> <span class='ocrx_word' id='word_1_251' title='bbox 1088 3539 1161 3593; x_wconf 86' lang='lat' dir='ltr'>form</span> <span class='ocrx_word' id='word_1_252' title='bbox 1174 3539 1202 3592; x_wconf 92' lang='lat' dir='ltr'>in</span> <span class='ocrx_word' id='word_1_253' title='bbox 1215 3537 1330 3590; x_wconf 92' lang='lat' dir='ltr'>BCD-</span> 
     </span>
    </p>
   </div>
   <div class='ocr_carea' id='block_1_5' title="bbox 393 3633 1169 3760">
    <p class='ocr_par' dir='ltr' id='par_1_12' title="bbox 393 3633 1169 3760">
     <span class='ocr_line' id='line_1_33' title="bbox 393 3633 1093 3703; baseline 0.003 -17"><span class='ocrx_word' id='word_1_254' title='bbox 393 3636 436 3687; x_wconf 77' lang='lat' dir='ltr'>l&#39;r.</span> <span class='ocrx_word' id='word_1_255' title='bbox 461 3633 551 3700; x_wconf 82' lang='lat' dir='ltr'>Negat</span> <span class='ocrx_word' id='word_1_256' title='bbox 588 3671 862 3688; x_wconf 89' lang='grc'><em>.......</em></span> <span class='ocrx_word' id='word_1_257' title='bbox 899 3651 984 3703; x_wconf 89' lang='lat' dir='ltr'>quom</span> <span class='ocrx_word' id='word_1_258' title='bbox 1002 3635 1093 3701; x_wconf 78' lang='lat' dir='ltr'>cogita</span> 
     </span>
     <span class='ocr_line' id='line_1_34' title="bbox 409 3705 1169 3760; baseline 0.001 -3"><span class='ocrx_word' id='word_1_259' title='bbox 409 3741 775 3758; x_wconf 87' lang='grc'><em>.........</em></span> <span class='ocrx_word' id='word_1_260' title='bbox 811 3705 901 3758; x_wconf 86' lang='lat' dir='ltr'>dicam</span> <span class='ocrx_word' id='word_1_261' title='bbox 923 3707 946 3760; x_wconf 91' lang='lat' dir='ltr'>si</span> <span class='ocrx_word' id='word_1_262' title='bbox 965 3705 1104 3760; x_wconf 84' lang='lat' dir='ltr'>confessus</span> <span class='ocrx_word' id='word_1_263' title='bbox 1125 3705 1169 3758; x_wconf 79' lang='lat' dir='ltr'>sit</span> 
     </span>
    </p>
   </div>
   <div class='ocr_carea' id='block_1_6' title="bbox 180 3796 1329 4079">
    <p class='ocr_par' dir='ltr' id='par_1_13' title="bbox 180 3796 1329 4079">
     <span class='ocr_line' id='line_1_35' title="bbox 181 3796 1329 3868; baseline -0.003 -18"><span class='ocrx_word' id='word_1_264' title='bbox 181 3798 286 3854; x_wconf 88' lang='lat' dir='ltr'>Where</span> <span class='ocrx_word' id='word_1_265' title='bbox 308 3801 361 3853; x_wconf 92' lang='lat' dir='ltr'>CD</span> <span class='ocrx_word' id='word_1_266' title='bbox 381 3799 450 3852; x_wconf 84' lang='lat' dir='ltr'>have</span> <span class='ocrx_word' id='word_1_267' title='bbox 463 3799 555 3865; x_wconf 82' lang='lat' dir='ltr'>Necat,</span> <span class='ocrx_word' id='word_1_268' title='bbox 567 3799 621 3852; x_wconf 88' lang='lat' dir='ltr'>and</span> <span class='ocrx_word' id='word_1_269' title='bbox 633 3799 717 3852; x_wconf 83' lang='lat' dir='ltr'>dicam</span> <span class='ocrx_word' id='word_1_270' title='bbox 730 3800 752 3852; x_wconf 95' lang='lat' dir='ltr'>is</span> <span class='ocrx_word' id='word_1_271' title='bbox 764 3802 884 3868; x_wconf 77' lang='lat' dir='ltr'>wanting</span> <span class='ocrx_word' id='word_1_272' title='bbox 896 3802 923 3855; x_wconf 93' lang='lat' dir='ltr'>in</span> <span class='ocrx_word' id='word_1_273' title='bbox 937 3802 960 3854; x_wconf 95' lang='lat' dir='ltr'>B</span> <span class='ocrx_word' id='word_1_274' title='bbox 974 3819 980 3855; x_wconf 92' lang='lat'><strong>:</strong></span> <span class='ocrx_word' id='word_1_275' title='bbox 1007 3804 1034 3854; x_wconf 89' lang='lat' dir='ltr'>in</span> <span class='ocrx_word' id='word_1_276' title='bbox 1056 3801 1104 3853; x_wconf 83' lang='lat' dir='ltr'>FZ</span> <span class='ocrx_word' id='word_1_277' title='bbox 1119 3799 1167 3851; x_wconf 90' lang='lat' dir='ltr'>the</span> <span class='ocrx_word' id='word_1_278' title='bbox 1179 3796 1329 3860; x_wconf 79' lang='lat' dir='ltr'>fragments</span> 
     </span>
     <span class='ocr_line' id='line_1_36' title="bbox 181 3864 1328 3943; baseline -0.007 -20"><span class='ocrx_word' id='word_1_279' title='bbox 181 3885 228 3923; x_wconf 87' lang='lat' dir='ltr'>are</span> <span class='ocrx_word' id='word_1_280' title='bbox 244 3871 392 3924; x_wconf 89' lang='lat' dir='ltr'>combined</span> <span class='ocrx_word' id='word_1_281' title='bbox 411 3871 470 3923; x_wconf 90' lang='lat' dir='ltr'>into</span> <span class='ocrx_word' id='word_1_282' title='bbox 485 3886 502 3922; x_wconf 85' lang='lat' dir='ltr'>a</span> <span class='ocrx_word' id='word_1_283' title='bbox 517 3869 602 3937; x_wconf 77' lang='lat' dir='ltr'>single</span> <span class='ocrx_word' id='word_1_284' title='bbox 618 3869 681 3924; x_wconf 90' lang='lat' dir='ltr'>line.</span> <span class='ocrx_word' id='word_1_285' title='bbox 719 3870 782 3926; x_wconf 92' lang='lat' dir='ltr'>The</span> <span class='ocrx_word' id='word_1_286' title='bbox 794 3872 886 3925; x_wconf 91' lang='lat' dir='ltr'>words</span> <span class='ocrx_word' id='word_1_287' title='bbox 902 3872 998 3925; x_wconf 89' lang='lat' dir='ltr'>within</span> <span class='ocrx_word' id='word_1_288' title='bbox 1010 3869 1138 3924; x_wconf 83' lang='lat' dir='ltr'>brackets</span> <span class='ocrx_word' id='word_1_289' title='bbox 1157 3868 1184 3916; x_wconf 91' lang='lat' dir='ltr'>in</span> <span class='ocrx_word' id='word_1_290' title='bbox 1203 3864 1250 3915; x_wconf 89' lang='lat' dir='ltr'>the</span> <span class='ocrx_word' id='word_1_291' title='bbox 1268 3871 1328 3943; x_wconf 80' lang='lat' dir='ltr'>text</span> 
     </span>
     <span class='ocr_line' id='line_1_37' title="bbox 180 3930 1329 4011; baseline -0.005 -18"><span class='ocrx_word' id='word_1_292' title='bbox 180 3955 227 3993; x_wconf 89' lang='lat' dir='ltr'>are</span> <span class='ocrx_word' id='word_1_293' title='bbox 244 3941 415 4009; x_wconf 76' lang='lat' dir='ltr'>conjectura]</span> <span class='ocrx_word' id='word_1_294' title='bbox 432 3940 569 3994; x_wconf 88' lang='lat' dir='ltr'>additions</span> <span class='ocrx_word' id='word_1_295' title='bbox 581 3941 617 4010; x_wconf 82' lang='lat' dir='ltr'>by</span> <span class='ocrx_word' id='word_1_296' title='bbox 631 3942 748 4009; x_wconf 88' lang='lat' dir='ltr'>Camer.,</span> <span class='ocrx_word' id='word_1_297' title='bbox 762 3942 882 4011; x_wconf 88' lang='lat' dir='ltr'>adopted</span> <span class='ocrx_word' id='word_1_298' title='bbox 900 3943 928 3994; x_wconf 94' lang='lat' dir='ltr'>in</span> <span class='ocrx_word' id='word_1_299' title='bbox 940 3942 988 3994; x_wconf 91' lang='lat' dir='ltr'>the</span> <span class='ocrx_word' id='word_1_300' title='bbox 1001 3940 1080 4002; x_wconf 80' lang='lat' dir='ltr'>Vulg.</span> <span class='ocrx_word' id='word_1_301' title='bbox 1129 3930 1329 3996; x_wconf 71' lang='lat' dir='ltr'>W‚f0110w¹nx</span> 
     </span>
     <span class='ocr_line' id='line_1_38' title="bbox 180 4010 816 4079; baseline 0.003 -17"><span class='ocrx_word' id='word_1_302' title='bbox 180 4010 244 4063; x_wconf 91' lang='lat' dir='ltr'>Pius</span> <span class='ocrx_word' id='word_1_303' title='bbox 257 4012 311 4064; x_wconf 87' lang='lat' dir='ltr'>and</span> <span class='ocrx_word' id='word_1_304' title='bbox 324 4011 425 4077; x_wconf 86' lang='lat' dir='ltr'>others,</span> <span class='ocrx_word' id='word_1_305' title='bbox 438 4018 570 4066; x_wconf 89' lang='lat' dir='ltr'>concocts</span> <span class='ocrx_word' id='word_1_306' title='bbox 582 4013 630 4067; x_wconf 89' lang='lat' dir='ltr'>the</span> <span class='ocrx_word' id='word_1_307' title='bbox 642 4013 816 4079; x_wconf 82' lang='lat' dir='ltr'>following—</span> 
     </span>
    </p>
   </div>
   <div class='ocr_carea' id='block_1_7' title="bbox 285 4089 1234 4174">
    <p class='ocr_par' dir='ltr' id='par_1_14' title="bbox 285 4089 1234 4174">
     <span class='ocr_line' id='line_1_39' title="bbox 285 4089 1234 4174; baseline -0.019 -15"><span class='ocrx_word' id='word_1_308' title='bbox 285 4110 328 4160; x_wconf 65' lang='grc' dir='ltr'><em>Ἰν.</em></span> <span class='ocrx_word' id='word_1_309' title='bbox 349 4105 463 4174; x_wconf 81' lang='lat' dir='ltr'>Negat?</span> <span class='ocrx_word' id='word_1_310' title='bbox 534 4109 578 4161; x_wconf 73' lang='lat' dir='ltr'>ih.</span> <span class='ocrx_word' id='word_1_311' title='bbox 602 4109 693 4162; x_wconf 88' lang='lat' dir='ltr'>Etiam</span> <span class='ocrx_word' id='word_1_312' title='bbox 715 4108 838 4173; x_wconf 75' lang='lat' dir='ltr'>rogitas?</span> <span class='ocrx_word' id='word_1_313' title='bbox 876 4104 975 4156; x_wconf 86' lang='lat' dir='ltr'>Dicam</span> <span class='ocrx_word' id='word_1_314' title='bbox 994 4101 1015 4153; x_wconf 90' lang='lat' dir='ltr'>si</span> <span class='ocrx_word' id='word_1_315' title='bbox 1033 4092 1174 4151; x_wconf 77' lang='lat' dir='ltr'>confessus</span> <span class='ocrx_word' id='word_1_316' title='bbox 1191 4089 1234 4140; x_wconf 89' lang='lat' dir='ltr'>sit.</span> 
     </span>
    </p>
   </div>
   <div class='ocr_carea' id='block_1_8' title="bbox 182 4181 1250 4271">
    <p class='ocr_par' dir='ltr' id='par_1_15' title="bbox 182 4181 1250 4271">
     <span class='ocr_line' id='line_1_40' title="bbox 182 4181 1250 4271; baseline -0.009 -20"><span class='ocrx_word' id='word_1_317' title='bbox 182 4198 206 4251; x_wconf 90' lang='lat' dir='ltr'>R</span> <span class='ocrx_word' id='word_1_318' title='bbox 220 4198 324 4255; x_wconf 81' lang='lat' dir='ltr'>follows</span> <span class='ocrx_word' id='word_1_319' title='bbox 337 4203 455 4268; x_wconf 86' lang='lat' dir='ltr'>Camer.,</span> <span class='ocrx_word' id='word_1_320' title='bbox 468 4210 567 4271; x_wconf 84' lang='lat' dir='ltr'>except</span> <span class='ocrx_word' id='word_1_321' title='bbox 578 4203 639 4254; x_wconf 90' lang='lat' dir='ltr'>that</span> <span class='ocrx_word' id='word_1_322' title='bbox 651 4201 686 4252; x_wconf 90' lang='lat' dir='ltr'>he</span> <span class='ocrx_word' id='word_1_323' title='bbox 698 4200 746 4252; x_wconf 90' lang='lat' dir='ltr'>has</span> <span class='ocrx_word' id='word_1_324' title='bbox 758 4201 828 4253; x_wconf 80' lang='lat' dir='ltr'>Perii</span> <span class='ocrx_word' id='word_1_325' title='bbox 840 4216 903 4261; x_wconf 68' lang='lat' dir='ltr'>nm,</span> <span class='ocrx_word' id='word_1_326' title='bbox 916 4193 1021 4248; x_wconf 86' lang='lat' dir='ltr'>instead</span> <span class='ocrx_word' id='word_1_327' title='bbox 1033 4189 1066 4244; x_wconf 85' lang='lat' dir='ltr'>of</span> <span class='ocrx_word' id='word_1_328' title='bbox 1075 4185 1145 4241; x_wconf 78' lang='lat' dir='ltr'>Perii</span> <span class='ocrx_word' id='word_1_329' title='bbox 1157 4181 1250 4251; x_wconf 70' lang='lat' dir='ltr'>oppido·</span> 
     </span>
    </p>
   </div>
   <div class='ocr_carea' id='block_1_9' title="bbox 215 4267 1330 4407">
    <p class='ocr_par' dir='ltr' id='par_1_16' title="bbox 215 4267 1330 4407">
     <span class='ocr_line' id='line_1_41' title="bbox 215 4267 1142 4350; baseline -0.006 -27"><span class='ocrx_word' id='word_1_330' title='bbox 215 4288 257 4337; x_wconf 79' lang='lat'>²5·</span> <span class='ocrx_word' id='word_1_331' title='bbox 294 4273 479 4343; x_wconf 83' lang='lat' dir='ltr'>Egon‚sothe</span> <span class='ocrx_word' id='word_1_332' title='bbox 493 4275 573 4326; x_wconf 84' lang='lat' dir='ltr'>MSS.</span> <span class='ocrx_word' id='word_1_333' title='bbox 626 4272 682 4350; x_wconf 67' lang='lat' dir='ltr'>Ego</span> <span class='ocrx_word' id='word_1_334' title='bbox 696 4267 778 4321; x_wconf 88' lang='lat' dir='ltr'>Both.</span> <span class='ocrx_word' id='word_1_335' title='bbox 792 4268 827 4319; x_wconf 88' lang='lat' dir='ltr'>R.</span> <span class='ocrx_word' id='word_1_336' title='bbox 947 4337 953 4347; x_wconf 30' lang='grc' dir='ltr'><strong>θ</strong></span> <span class='ocrx_word' id='word_1_337' title='bbox 1040 4332 1047 4345; x_wconf 78' lang='lat'><strong>.</strong></span> <span class='ocrx_word' id='word_1_338' title='bbox 1136 4322 1142 4334; x_wconf 49' lang='lat'>,</span> 
     </span>
     <span class='ocr_line' id='line_1_42' title="bbox 218 4321 1330 4407; baseline -0.008 -12"><span class='ocrx_word' id='word_1_339' title='bbox 218 4345 260 4394; x_wconf 83' lang='lat'>26.</span> <span class='ocrx_word' id='word_1_340' title='bbox 297 4356 321 4395; x_wconf 84' lang='lat' dir='ltr'>re</span> <span class='ocrx_word' id='word_1_341' title='bbox 345 4359 402 4396; x_wconf 87' lang='lat' dir='ltr'>was</span> <span class='ocrx_word' id='word_1_342' title='bbox 428 4344 517 4398; x_wconf 86' lang='lat' dir='ltr'>added</span> <span class='ocrx_word' id='word_1_343' title='bbox 542 4358 577 4395; x_wconf 90' lang='lat' dir='ltr'>on</span> <span class='ocrx_word' id='word_1_344' title='bbox 602 4355 676 4405; x_wconf 85' lang='lat' dir='ltr'>conJ.</span> <span class='ocrx_word' id='word_1_345' title='bbox 694 4338 731 4406; x_wconf 85' lang='lat' dir='ltr'>by</span> <span class='ocrx_word' id='word_1_346' title='bbox 750 4338 852 4407; x_wconf 69' lang='lat' dir='ltr'>Pylad„</span> <span class='ocrx_word' id='word_1_347' title='bbox 871 4335 922 4390; x_wconf 92' lang='lat' dir='ltr'>but</span> <span class='ocrx_word' id='word_1_348' title='bbox 946 4352 968 4389; x_wconf 86' lang='lat' dir='ltr'>rs</span> <span class='ocrx_word' id='word_1_349' title='bbox 992 4323 1110 4389; x_wconf 79' lang='lat' dir='ltr'>omitted</span> <span class='ocrx_word' id='word_1_350' title='bbox 1135 4337 1162 4374; x_wconf 89' lang='lat' dir='ltr'>m</span> <span class='ocrx_word' id='word_1_351' title='bbox 1180 4321 1230 4378; x_wconf 85' lang='lat' dir='ltr'>the</span> <span class='ocrx_word' id='word_1_352' title='bbox 1249 4329 1330 4386; x_wconf 79' lang='lat' dir='ltr'>MSS.</span> 
     </span>
    </p>
   </div>
   <div class='ocr_carea' id='block_1_10' title="bbox 180 4408 855 4538">
    <p class='ocr_par' dir='ltr' id='par_1_17' title="bbox 180 4408 855 4538">
     <span class='ocr_line' id='line_1_43' title="bbox 180 4408 855 4468; baseline -0.001 -6"><span class='ocrx_word' id='word_1_353' title='bbox 180 4429 236 4464; x_wconf 84' lang='lat' dir='ltr'>cum</span> <span class='ocrx_word' id='word_1_354' title='bbox 248 4432 274 4465; x_wconf 86' lang='lat' dir='ltr'>eo</span> <span class='ocrx_word' id='word_1_355' title='bbox 286 4431 338 4467; x_wconf 82' lang='lat' dir='ltr'>una</span> <span class='ocrx_word' id='word_1_356' title='bbox 351 4413 489 4468; x_wconf 86' lang='lat' dir='ltr'>BCDFZ.</span> <span class='ocrx_word' id='word_1_357' title='bbox 555 4430 606 4465; x_wconf 80' lang='lat' dir='ltr'>rma</span> <span class='ocrx_word' id='word_1_358' title='bbox 618 4428 674 4462; x_wconf 80' lang='lat' dir='ltr'>cum</span> <span class='ocrx_word' id='word_1_359' title='bbox 686 4428 712 4462; x_wconf 86' lang='lat' dir='ltr'>eo</span> <span class='ocrx_word' id='word_1_360' title='bbox 725 4409 806 4463; x_wconf 89' lang='lat' dir='ltr'>Both.</span> <span class='ocrx_word' id='word_1_361' title='bbox 821 4408 855 4462; x_wconf 89' lang='lat' dir='ltr'>R.</span> 
     </span>
     <span class='ocr_line' id='line_1_44' title="bbox 215 4484 453 4538; baseline 0.013 -3"><span class='ocrx_word' id='word_1_362' title='bbox 215 4488 257 4537; x_wconf 76' lang='lat'>28.</span> <span class='ocrx_word' id='word_1_363' title='bbox 294 4486 378 4537; x_wconf 81' lang='lat' dir='ltr'>vineis</span> <span class='ocrx_word' id='word_1_364' title='bbox 392 4484 453 4538; x_wconf 92' lang='lat' dir='ltr'>CD.</span> 
     </span>
    </p>
   </div>
   <div class='ocr_carea' id='block_1_11' title="bbox 744 4566 762 4606">
    <p class='ocr_par' dir='ltr' id='par_1_18' title="bbox 744 4566 762 4606">
     <span class='ocr_line' id='line_1_45' title="bbox 744 4566 762 4606; baseline 0 0"><span class='ocrx_word' id='word_1_365' title='bbox 744 4566 762 4606; x_wconf 87' lang='lat' dir='ltr'>G</span> 
     </span>
    </p>
   </div>
   <div class='ocr_carea' id='block_1_12' title="bbox 0 0 1588 4994">
    <p class='ocr_par' dir='ltr' id='par_1_19' title="bbox 0 0 1588 4994">
     <span class='ocr_line' id='line_1_46' title="bbox 0 0 1588 4994; baseline 0 0"><span class='ocrx_word' id='word_1_366' title='bbox 0 0 1588 4994; x_wconf 95' lang='lat' dir='ltr'> </span> 
     </span>
    </p>
   </div>
  </div>
 </body>
</html>
