3164 4994
502 360 639 422 ACTVS
668 360 705 418 V.
759 359 893 420 SCENA
921 358 977 419 111.
1274 358 1313 440 87

163 552 345 636 Propterea,
362 549 440 632 quia
457 545 550 630 fecit,
566 564 648 628 quae
669 552 704 608 te
725 544 808 607 scire
830 544 902 608 scit.
949 542 1049 607 Nunc
1071 554 1106 607 te
1128 563 1272 628 opsecro,

160 663 326 729 Stultitiae
347 658 650 740 adulescentiaeque
672 657 742 719 eius
764 657 923 738 ignoscas.
967 655 1058 720 Tuus
1081 665 1153 740 est,
1271 673 1313 744 35

159 775 241 859 Scis,
262 772 366 836 solere
385 771 487 834 illanc
508 776 651 833 aetatem
673 767 733 830 tali
755 766 831 830 ludo
852 767 983 850 ludere;

159 882 326 973 Qidquid
347 882 440 966 fecit,
462 881 630 944 nobiscum
654 899 719 943 una
740 879 842 961 fecit;
872 898 932 942 nos
955 879 1170 963 deliquimus:

159 997 295 1080 Faenus,
325 1005 457 1078 sortem,
485 1000 708 1078 sumptumque
735 1010 879 1076 omnem,
902 993 958 1076 qui
988 993 1095 1056 amica
1125 993 1263 1080 [empta]

288 1115 350 1190 est,
374 1107 488 1169 omnia

159 1219 234 1283 Nos
255 1218 416 1303 dabimus,
439 1236 498 1281 nos
520 1215 733 1302 conferemus,
755 1225 867 1280 nostro
889 1226 1031 1304 sumptu,
1055 1236 1121 1281 non
1144 1224 1209 1281 tuo.

206 1335 267 1394 Tu.
303 1330 385 1393 Non
421 1331 528 1415 potuit
557 1330 670 1394 venire
700 1337 807 1392 orator
837 1331 942 1413 magis
971 1331 1011 1393 ad
1040 1350 1093 1393 me
1124 1331 1267 1413 inpetra-

289 1440 378 1524 bilis,
1264 1461 1309 1524 40

159 1553 267 1640 Qum
297 1560 353 1615 tu:
390 1571 493 1636 neque
522 1551 572 1614 illi
606 1569 677 1614 sum
712 1552 823 1635 iratus,
861 1570 965 1634 neque
998 1553 1168 1636 quicquam
1197 1572 1267 1617 suc-

289 1684 431 1749 censeo,

160 1776 231 1841 imo
252 1795 305 1840 me
327 1783 495 1860 praesente
515 1785 635 1860 amato,
658 1776 775 1860 bibita,
797 1775 900 1840 facito
920 1776 1005 1860 quod
1027 1777 1126 1841 lubet.

158 1888 191 1952 Si
214 1889 276 1952 hoc
297 1888 407 1972 pudet,
428 1887 544 1952 fecisse
566 1904 739 1972 sumptum,
762 1889 914 1974 supplicii
937 1890 1040 1953 habeo
1060 1891 1152 1954 satis.

203 2004 265 2065 CA.
296 2000 467 2086 Dispudet.
533 2005 594 2065 Tr.
623 2000 691 2064 Dat
711 2003 808 2065 istam
829 2003 970 2067 veniam.
1023 2001 1112 2090 Qid
1134 2023 1187 2066 me
1208 2002 1265 2068 fiet

287 2114 487 2178 nunciam?

205 2230 266 2290 ΤΗ.
282 2225 486 2310 Verberibus,
502 2226 615 2309 lutum,
630 2226 763 2289 caedere
779 2227 940 2310 pendens!
995 2230 1056 2290 Tre.
1071 2225 1263 2291 Tamenetsi

288 2337 407 2421 pudet?
1262 2356 1306 2424 45

194 2543 236 2592 34.
272 2527 409 2595 Propterea
426 2527 486 2594 quia
495 2525 564 2592 ficit
580 2543 644 2594 quae
660 2535 685 2578 te
703 2525 807 2578 CDFZ
827 2524 914 2595 (facit
932 2524 981 2595 C).
1033 2528 1171 2594 Propterea
1187 2528 1230 2595 qui
1239 2527 1308 2595 fecit

157 2640 214 2689 qum
228 2658 235 2674 .
247 2630 280 2686 te,
292 2618 358 2672 with
370 2617 418 2672 the
431 2635 541 2673 erasure
554 2617 587 2672 of
595 2635 649 2672 oue
661 2619 753 2686 letter,
766 2618 814 2673 Ba.
868 2622 1005 2690 Propterea
1016 2603 1136 2688 qui⁶fecir
1145 2605 1244 2691 qum-re
1256 2622 1307 2678 Bb.

156 2694 265 2761 Propter
274 2709 306 2743 ea
318 2691 451 2758 quaester't
462 2709 535 2759 quem
546 2700 571 2742 te
585 2689 619 2744 R.
672 2691 810 2760 Propterea
822 2691 956 2757 quaesecit
967 2692 1027 2759 quia
1039 2702 1063 2745 te
1075 2691 1123 2745 W.

180 2778 235 2828 ¹35·
270 2760 378 2814 stulticie
387 2760 461 2815 BaF.
508 2760 703 2840 stulticieBbC.
793 2760 1024 2831 adulescentiaeque,
1036 2779 1070 2816 or
1080 2761 1308 2834 adulescentiaeque

156 2858 203 2912 the
216 2857 297 2911 MSS.
351 2857 575 2927 adulescentiar'que
588 2856 623 2910 R.
728 2858 844 2927 &noscat
856 2857 904 2923 Ba,
917 2873 951 2912 an
964 2858 1074 2912 evident
1086 2857 1212 2913 blunder.

194 2931 237 2996 3⁶·
272 2927 349 2982 illunc
361 2927 410 2995 Ba,
422 2943 457 2981 an
470 2928 580 2982 evident
592 2926 717 2981 blunder.
822 2938 915 2982 erarem
928 2929 960 2983 C.

195 3016 237 3066 37.
273 3000 399 3052 nobiseum
411 3018 463 3052 una
476 3000 585 3053 Camer.
639 3017 690 3052 una
702 2997 827 3052 nobiseum
840 2999 887 3052 the
900 2999 981 3054 MSS.
1087 3020 1140 3067 nos,
1152 3016 1183 3054 so
1194 3001 1307 3057 Camer.

155 3089 212 3137 nen,
223 3086 258 3124 or
269 3073 295 3138 ᾖ,
307 3069 356 3123 the
369 3070 450 3123 MSS.
556 3070 711 3139 deliquimus,
723 3085 755 3122 so
767 3068 840 3123 Pius.
893 3070 1058 3139 delinquimus
1069 3071 1117 3125 the
1130 3072 1211 3126 MSS.

194 3147 236 3206 38.
270 3142 314 3210 qur‘
328 3141 414 3194 amica
431 3138 538 3210 [empta]
557 3150 603 3208 est,
622 3155 654 3193 so
666 3138 742 3193 WR.
794 3150 879 3210 empta
896 3140 918 3194 is
936 3148 986 3197 not
1005 3141 1092 3195 found
1112 3142 1140 3195 in
1156 3141 1204 3197 the
1224 3143 1307 3199 MSS.

157 3213 244 3279 quanti
254 3213 341 3266 amica
351 3222 390 3264 est
402 3212 511 3265 Camer.

194 3299 236 3348 39.
272 3282 421 3350 conferimus
434 3280 467 3336 B.

169 3370 235 3418 ·4¹·
270 3353 309 3406 illi
326 3371 383 3406 sum
400 3355 493 3420 iratus,
511 3368 543 3406 so
559 3352 608 3406 the
627 3352 708 3407 MSS.
752 3363 930 3406 .su..ratus
948 3352 998 3408 Ba.
1052 3355 1220 3410 ariaratus
1238 3354 1307 3425 Bb).

154 3422 265 3477 illitam
283 3442 340 3477 sum
357 3425 441 3477 iratus
456 3423 490 3476 R.
543 3423 582 3476 r'lli
598 3442 655 3476 sum
669 3422 736 3496 [iam
763 3426 847 3477 r'ratus
860 3423 907 3478 W.
1018 3426 1154 3495 quidquam
1172 3446 1306 3495 succenseo,

154 3494 245 3547 sothe
259 3494 340 3547 MSS.
393 3496 560 3562 quiequamei
570 3513 695 3548 srueenseo
705 3495 740 3548 R.

190 3582 234 3630 43.
263 3574 338 3634 putet
350 3563 382 3630 C,
395 3580 429 3616 an
442 3564 552 3617 evident
564 3563 689 3618 blunder.
795 3558 900 3636 supplici
910 3567 964 3620 iam
979 3565 1013 3620 R.

190 3654 234 3700 44.
272 3637 308 3687 So
320 3634 425 3689 Acidal.
435 3634 514 3701 Vulg.
524 3635 572 3689 W.
626 3635 690 3689 The
704 3634 784 3690 MSS.
797 3652 844 3689 are
857 3644 980 3706 corrupt.
1034 3636 1113 3691 Thus
1126 3638 1149 3691 B
1162 3638 1247 3694 has-

232 3784 243 3807 ,
261 3725 303 3777 i'r.
328 3721 488 3791 Dispudetis
505 3727 563 3776 tam
581 3723 688 3777 veniam
706 3723 773 3793 quid
791 3738 837 3776 me
855 3722 911 3777 fiet.
959 3725 1004 3778 ab.
1029 3723 1162 3779 Nuntium

154 3815 298 3884 (Nuntium
311 3816 379 3887 Bb).
433 3817 538 3871 CDFZ
551 3817 655 3872 have-

260 3908 303 3958 i'r.
329 3904 465 3973 Dispudet
483 3905 562 3959 istam
580 3906 688 3959 ueniam
706 3905 773 3974 quid
791 3921 836 3958 me
854 3905 902 3959 fiet
920 3921 993 3959 nunc
1012 3905 1074 3973 iam,

153 3998 252 4060 except
264 3991 324 4046 that
337 3993 390 4044 CD
402 3992 471 4046 omit
483 3996 526 4047 Tr.
581 3992 606 4045 R
619 3993 703 4045 has-

259 4081 307 4136 Ca.
326 4080 472 4148 Dispudet.
520 4083 563 4134 Tr.
582 4081 610 4133 Si
623 4080 702 4132 istam
715 4078 763 4131 das
775 4079 891 4144 veniam,
904 4079 971 4147 quid
985 4094 1030 4132 me
1043 4078 1090 4132 fiet
1102 4092 1175 4131 nunc
1188 4079 1250 4132 iam.

190 4181 233 4230 45.
268 4166 350 4222 lutum
375 4168 477 4221 caedere
500 4169 602 4237 Guyet.
628 4166 702 4220 RW.
756 4165 857 4218 caedere
880 4165 962 4217 lutum
983 4165 1057 4218 Bac,
1116 4165 1199 4218 cedere
1222 4167 1304 4221 latum

154 4235 272 4339 niz&
296 4240 398 4294 caedere
417 4241 504 4292 visum
525 4239 576 4292 Bb.
683 4237 829 4301 Tamuursi,
851 4251 882 4287 so
902 4237 1015 4289 Gruter.
1069 4238 1237 4291 ramincurt
1257 4238 1305 4292 Ba.

153 4349 281 4399 Taminest
304 4353 327 4403 sr'
352 4349 403 4404 Bb.
458 4352 520 4403 ‘Tam
541 4352 606 4404 inest
628 4351 651 4402 si
676 4350 709 4403 C.
763 4345 912 4401 Tair‘rr'rrestsr‘
934 4348 972 4402 D.
1026 4350 1135 4401 Tametsi
1157 4348 1189 4403 F.
1243 4353 1305 4404 Tam

74 4496 98 4535 ,
153 4414 281 4515 mh?
