3164 4994
404 414 408 425 '
514 407 650 470 ACTVS
678 407 715 466 V.
769 405 901 467 SCENA
929 406 954 467 1.

155 595 388 662 Deludificatus
411 600 462 658 est
483 612 537 656 me
560 592 654 655 hodie
678 594 714 654 in
736 600 922 676 perpetuom
944 590 1087 657 modum

157 708 258 773 Nunc
279 716 314 771 te
335 724 480 791 opsecro,
501 713 537 769 ut
561 724 614 768 me
636 704 719 767 bene
743 704 847 789 iuves,
869 721 1062 787 operamque
1085 702 1156 766 des.

201 822 255 884 Sl.
281 817 371 906 Qid
393 818 468 883 vis?
544 820 606 879 Tu.
637 814 652 879 Ι
679 834 809 880 mecum
834 814 923 902 [hac]
948 833 1079 900 opsecro
1107 816 1174 903 [te]
1199 831 1264 876 una

286 928 395 992 simul.

201 1043 253 1106 Sr.
278 1039 362 1103 Fiat.
429 1041 492 1103 liu.
519 1037 748 1120 Servorumque
770 1056 901 1123 operam
923 1045 957 1101 et
980 1037 1050 1100 lora
1071 1035 1152 1099 mihi
1173 1035 1264 1100 cedo.

202 1156 252 1217 Sr.
277 1152 381 1242 Sume,
447 1154 510 1217 Tre.
537 1149 718 1233 Eademque
738 1168 835 1233 opera
855 1149 935 1213 haec
954 1150 1016 1213 tibi
1038 1129 1220 1233 narravero,
1262 1162 1306 1233 45

159 1263 242 1351 Qis
264 1282 318 1326 me
341 1262 496 1347 exemplis
517 1261 614 1326 hodie
641 1261 841 1327 eludificatus
866 1264 963 1349 [est].

437 1649 615 1724 ACTVS
652 1648 698 1721 V.
776 1648 961 1723 SCENA
1001 1649 1032 1723 1.

649 1883 827 1947 TRANJO.

161 2104 227 2192 Qi
250 2103 346 2166 homo
369 2101 505 2167 timidus
528 2105 591 2166 erit
614 2105 650 2166 in
675 2104 767 2167 rebus
790 2101 910 2187 dubiis,
933 2104 1029 2167 nauci
1053 2122 1121 2166 non
1144 2103 1228 2187 erit,

163 2216 269 2298 Atque
291 2213 451 2300 equidem,
468 2215 545 2298 quid
569 2215 602 2278 id
622 2235 693 2280 esse
713 2216 820 2279 dicam
843 2216 987 2300 verbum,
1012 2216 1120 2299 nauci,
1142 2217 1264 2279 nescio.

164 2324 255 2388 Nam
278 2325 370 2389 herus
393 2344 445 2388 me
468 2333 636 2410 postquam
658 2346 711 2390 rus
729 2328 834 2411 misit,
854 2336 889 2389 ut
913 2324 1014 2389 filium
1035 2345 1127 2389 suum
1147 2345 1266 2390 arcess-

294 2456 400 2501 erem:

163 2547 242 2610 Abii
267 2547 325 2611 illa
347 2568 403 2632 per
423 2550 629 2633 angiportum
653 2548 693 2611 ad
715 2548 844 2612 hortum
866 2559 1011 2612 nostrum
1031 2547 1221 2611 clanculum.

162 2656 305 2722 Ostium
319 2659 403 2741 quod
429 2660 467 2723 in
489 2661 659 2745 angiportu
685 2668 734 2724 est
757 2661 843 2724 horti
867 2660 1005 2744 patefeci
1028 2659 1134 2742 fores,
1288 2680 1309 2745 5

163 2768 271 2853 anue
294 2771 391 2835 eduxi
416 2791 547 2835 omnem
572 2773 747 2857 legionem,
770 2780 804 2835 et
827 2774 926 2836 maris
950 2780 984 2836 et
1007 2772 1156 2835 festinas.

201 3077 245 3124 41.
280 3058 474 3128 Deludificatrut
485 3079 525 3113 me
536 3060 607 3113 hodie
618 3060 706 3114 BCD.
761 3059 787 3111 R
798 3058 848 3112 has
860 3055 1034 3183 {hesperum
1044 3077 1085 3113 me
1095 3054 1149 3129 ille]
1163 3057 1242 3111 hodie.

201 3146 245 3194 4²·
280 3131 356 3183 Nunc
369 3130 448 3197 Vulg.
501 3131 563 3184 Nun
576 3130 726 3197 BaCD‚an
739 3129 850 3183 evident
881 3130 988 3184 lunden.

202 3216 245 3264 43.
281 3199 345 3253 The
367 3184 448 3253 MSS.
467 3201 537 3253 omit
557 3202 607 3254 hac
626 3200 680 3254 and
704 3211 737 3285 re,
756 3200 845 3253 which
869 3215 916 3253 are
940 3200 1125 3269 supplements
1146 3198 1184 3268 by
1204 3198 1316 3253 Camer.

165 3422 617 3548 eglgpnll'hlsmigrthereadingof
628 3430 714 3548 BllD,
728 3429 915 3551 omlttingert.
968 3422 1130 3535 illitales-El
1172 3450 1179 3466 ι

168 3642 194 3696 R
205 3643 290 3698 has-
378 3575 448 3644 Qis
466 3575 530 3628 med
548 3576 680 3645 exemplis
698 3575 780 3632 hodie
799 3576 867 3649 [ille]
886 3577 1038 3632 ludificatus
1056 3584 1106 3633 est.

378 3714 448 3784 Quis
466 3730 511 3768 me
528 3714 611 3769 hodie
628 3718 760 3787 exemplis
777 3718 823 3772 ille
841 3718 993 3773 ludificatus
1010 3724 1062 3772 est.

204 3992 228 4030 r.
263 3974 541 4045 drebir's‚soPriseian,
553 3977 617 4032 who
629 3983 728 4047 quotes
738 3978 793 4031 this
806 3979 861 4032 line
873 3985 901 4033 at
912 3995 940 4046 p.
952 3981 1015 4031 682.
1058 3976 1122 4030 The
1136 3975 1216 4028 MSS.
1229 3974 1316 4026 arein

166 4060 243 4099 some
255 4044 409 4100 confusion.
462 4048 588 4102 dubii..s
601 4048 650 4101 Ba.
702 4047 806 4100 dubir'sis
818 4049 870 4101 Bb.
922 4047 1038 4100 dubiisis
1051 4047 1084 4100 C.
1136 4044 1217 4097 dubiis
1229 4042 1299 4097 r'sD.

204 4132 228 4170 ι.
265 4115 291 4169 R
303 4116 422 4171 believes
433 4117 494 4171 that
505 4119 585 4171 there
598 4119 647 4170 isa
659 4116 741 4170 blank
753 4116 861 4170 afterv.
876 4134 901 4170 ο.

204 4201 229 4249 3.
264 4186 383 4256 refilium
394 4187 443 4241 the
457 4189 538 4242 MSS.
581 4187 670 4257 filium
682 4186 805 4241 neuoth.
819 4186 894 4240 RW.
999 4203 1151 4239 accerserem
1168 4182 1217 4236 the
1235 4180 1317 4237 Μ88.

165 4273 318 4309 arcesserem
331 4263 404 4311 most
415 4258 478 4312 edd.

202 4343 229 4390 4.
266 4326 387 4381 Abiiilla
407 4344 438 4381 so
451 4329 561 4382 Camer.
618 4326 706 4383 Abilla
719 4326 806 4382 BCD.
862 4326 904 4380 Ab
916 4324 959 4379 illo
973 4324 1030 4378 FZ.

166 4400 315 4520 mlle&
333 4367 421 4453 Bel).
474 4401 543 4452 horti
557 4397 605 4452 the
625 4404 690 4453 rest.
803 4400 853 4452 eires
868 4397 903 4455 R.
1000 4395 1072 4462 foris
1086 4396 1196 4451 Camer.
1242 4395 1316 4461 fores

198 4480 214 4518 θ
302 4506 309 4525 ·
