3164 4994
506 466 642 525 ncuvs
674 465 727 524 111.
787 464 920 525 senua
949 468 987 525 11.
1283 483 1323 551 57

214 663 276 723 Iit.
306 653 423 750 Qid?
480 653 651 718 Sarsinatis
689 673 788 737 ecqua
828 663 888 737 est,
927 656 956 717 si
995 652 1149 718 Vmbram
1191 674 1258 718 non

299 768 419 831 habes?

213 882 263 944 Sr.
293 878 453 943 Molestus
475 897 517 940 ne
540 879 594 940 sis.
639 873 732 939 Haec
762 884 838 939 sunt
860 876 945 940 sicut
967 875 1124 960 praedico

216 995 277 1055 ΤΚ.
307 991 467 1054 Attamen
490 990 650 1073 inspicere
672 988 751 1051 volt.
825 990 875 1052 Sr.
907 987 1075 1074 Inspiciat,
1096 991 1125 1051 si
1155 988 1254 1052 lubet.

168 1102 200 1168 Si
223 1102 396 1185 quiderit,
418 1101 500 1184 quod
525 1101 575 1163 illi
598 1101 734 1186 placeat,
756 1100 795 1163 de
818 1100 964 1184 exemplo
986 1120 1060 1166 meo

169 1211 241 1297 lpse
263 1213 439 1277 aedificato.
489 1217 550 1276 Ta.
575 1211 677 1275 Eon'?
700 1230 781 1275 voco
802 1212 863 1276 huc
884 1212 1076 1276 hominem?
1123 1216 1173 1277 St.
1195 1211 1257 1300 [1,]

297 1345 386 1389 voca
867 1328 875 1343 '
1277 1325 1319 1410 85

215 1441 274 1499 Ta.
306 1435 522 1499 Alexandrum
575 1454 727 1518 magnum
774 1446 869 1518 atque
914 1435 1124 1519 Agathoclem
1167 1438 1258 1501 aiunt

299 1568 465 1613 maxumas

166 1660 242 1724 Duo
264 1681 315 1725 res
338 1663 490 1745 gessisse:
521 1662 597 1745 quid
621 1662 703 1724 mihi
725 1661 781 1724 fiet
802 1664 912 1745 tertia,

166 1776 232 1866 Qi
256 1774 342 1838 solus
363 1774 448 1837 facio
469 1774 613 1838 facinora
635 1775 843 1837 inmortalia?

167 1884 266 1949 Vehit
287 1886 341 1949 hic
363 1886 512 1970 clitellas,
534 1887 624 1951 vehit
646 1888 699 1950 hic
721 1896 831 1950 autem
853 1885 935 1950 alter
956 1905 1065 1951 senex.

166 1998 342 2062 Novitium
366 1996 446 2060 mihi
467 2008 634 2079 quaestum
658 1997 788 2060 institui
812 2017 878 2060 non
901 1999 1042 2062 malum:
1275 2019 1317 2087 90

166 2110 257 2173 Nam
280 2110 441 2174 muliones
464 2109 568 2172 mulos
591 2109 778 2172 clitellarios

166 2223 321 2305 Habent3
351 2243 410 2306 ego
431 2223 532 2286 habeo
554 2222 703 2287 homines
725 2224 922 2287 clitellarios.

166 2333 284 2417 Magni
309 2342 384 2397 sunt
405 2335 532 2418 oneris,
576 2335 729 2418 quidquid
753 2337 904 2419 inponas,
927 2339 1057 2399 vehunt.

166 2444 266 2508 Nunc
288 2445 372 2509 hunc
393 2444 475 2509 haud
497 2448 566 2510 scio
587 2467 629 2510 an
651 2448 832 2530 conloquar.
877 2447 1084 2531 Congrediar.

163 2557 267 2640 Heus,
289 2557 523 2641 Theuropides!
593 2562 653 2621 ΤΗ.
677 2558 777 2642 Hem,
799 2561 870 2641 quis
892 2558 946 2621 hic
967 2561 1117 2624 nominat
1140 2562 1217 2626 me?
1274 2579 1316 2648 95

212 2674 272 2734 lit.
303 2670 393 2734 Hero
415 2690 523 2733 servos
546 2671 682 2734 multum
705 2691 763 2734 suo
783 2670 895 2733 fidelis.
1143 2680 1148 2685 '

201 2890 244 2939 80.
280 2886 343 2938 mihi
368 2886 461 2939 umbra
487 2904 593 2955 usquam
618 2898 656 2939 est
682 2886 768 2940 BcD.
862 2898 1039 2941 maronam
1053 2928 1059 2942 .
1074 2927 1081 2942 .
1095 2900 1254 2952 usouausa
1281 2892 1315 2958 A,

165 2955 278 3009 whence
299 2955 323 3007 R
342 2976 385 3010 nec
404 2958 441 3009 mi
462 2957 554 3011 umbra
575 2959 612 3011 ibe·
632 2976 660 3010 us
712 2968 771 3024 mst,
785 2956 834 3011 but
856 2959 894 3010 As
914 2970 1101 3022 ascusam.
1222 2964 1273 3017 nisi
1292 2965 1316 3018 si

164 3026 302 3080 ABCDF.
372 3029 395 3079 sr'
408 3028 430 3080 is
441 3028 559 3080 omitted
571 3029 599 3081 in
614 3029 635 3080 Z
676 3029 729 3095 ulg.

200 3102 243 3183 lh.
279 3098 521 3165 QUIDARSINATIS
545 3100 578 3152 A.
720 3118 797 3169 ecqua
817 3111 855 3153 est
878 3099 900 3151 F
903 3100 935 3152 Z.
1006 3119 1109 3169 ecquam
1128 3113 1166 3155 est
1187 3102 1218 3156 B.
1289 3116 1315 3158 et

164 3185 215 3288 wli
220 3167 376 3307 §obedite
389 3239 438 3293 Bc.

200 3312 243 3372 85.
279 3311 388 3375 loom,
407 3326 439 3363 so
461 3310 565 3365 Acidal.
629 3310 693 3365 The
716 3311 796 3366 MSS.
817 3312 886 3366 omit
911 3313 933 3377 1,
955 3310 1045 3365 which
1066 3328 1129 3381 may
1150 3312 1219 3368 have
1240 3316 1312 3370 been

162 3379 316 3433 swallowed
328 3396 365 3464 up
377 3381 405 3433 in
417 3380 465 3433 the
478 3381 529 3434 last
542 3382 625 3435 letter
637 3381 671 3434 os
679 3385 729 3447 Sa,
741 3384 789 3436 the
802 3398 883 3435 name
895 3381 928 3436 oi
937 3381 984 3435 the
997 3382 1120 3450 speaker.

199 3453 242 3574 ἐξ.
269 3452 404 3622 §wig
511 3522 671 3588 inmortalia,
684 3539 715 3575 so
728 3522 789 3575 BD.

199 3635 241 3696 89.
278 3632 349 3686 Vehir
361 3631 467 3686 clitellas
481 3632 531 3686 Bb.
586 3632 626 3685 Ba
638 3632 692 3685 and
703 3632 752 3686 the
766 3632 866 3688 restof
874 3633 923 3688 the
936 3633 1017 3688 MSS.
1030 3636 1100 3688 omit
1112 3637 1160 3689 bic.

198 3718 240 3766 90.
275 3706 404 3757 novicium
418 3702 451 3755 C.
542 3714 653 3772 questum
667 3703 709 3755 all.

198 3789 240 3837 9²·
276 3774 353 3828 habeo
373 3775 492 3839 homines,
512 3790 544 3827 so
564 3775 612 3827 the
633 3774 722 3842 MSS,
743 3776 882 3842 including
907 3777 940 3828 A.
994 3776 1107 3830 homines
1126 3776 1204 3829 habeo
1217 3777 1311 3847 Pylad.

160 3843 269 3911 homines
282 3842 371 3913 (acc.)
383 3845 425 3897 all.

196 3930 239 3979 93.
274 3916 373 3968 honeris
387 3914 443 3969 BA.

195 4001 237 4050 94.
274 3985 417 4038 hauseioin
431 3986 464 4039 B.
530 3987 690 4041 haudsce'oin
704 3987 736 4040 A.
845 3984 981 4051 conloquar
993 3982 1050 4036 AB.

198 4071 241 4120 94,
250 4071 293 4119 95.
331 4055 425 4109 These
449 4063 506 4110 two
528 4057 595 4111 lines
620 4072 667 4109 are
691 4054 841 4108 somewhat
865 4052 997 4106 confused
1024 4052 1051 4103 in
1077 4051 1164 4113 BCD‚
1189 4048 1239 4104 but
1264 4069 1310 4108 are

161 4121 301 4194 distinctly
312 4125 410 4192 legible
423 4127 450 4180 in
464 4129 497 4195 A,
510 4144 539 4181 as
551 4129 629 4195 given
643 4127 670 4178 in
683 4125 732 4177 the
743 4130 813 4178 text.
928 4120 1096 4190 Congredihor
1109 4119 1183 4174 RW.
1255 4126 1309 4191 quis

161 4211 201 4245 me
212 4197 327 4250 nominat
339 4196 387 4251 W.
440 4201 494 4267 qra's
506 4200 621 4252 nominat
633 4215 679 4260 me,
693 4194 821 4260 omitting
833 4194 880 4258 hic,
894 4191 973 4257 Vulg.

197 4268 240 4330 96.
276 4287 366 4322 servas
389 4267 421 4321 B.
468 4288 561 4323 servus
578 4269 603 4320 A
619 4267 673 4319 and
693 4264 741 4317 the
760 4270 825 4316 rest.
939 4260 1048 4314 multum
1066 4278 1110 4312 suo
1119 4259 1215 4328 fidelis,
1231 4278 1263 4316 so
1278 4264 1309 4319 B.

158 4333 257 4460 t'shhepe
278 4340 300 4392 is
319 4357 335 4393 a
354 4354 436 4409 space
456 4341 484 4392 in
505 4340 557 4393 CD
578 4337 650 4392 aster
668 4354 720 4402 suo,
740 4333 794 4387 and
804 4332 892 4405 fidelis
912 4333 934 4385 is
953 4330 1079 4385 omitted.
1152 4331 1175 4383 A
1195 4348 1309 4403 appears

171 4420 189 4458 ο
237 4424 306 4462 ve—

491 4480 793 4537 Mutrruoursrrrros
810 4487 955 4541 oausam,

730 4632 740 4673 1
