3218 4990
259 399 279 459 ⁶
591 404 745 465 rmvrr
773 377 1078 468 nosranmnrn.
1158 418 1161 423 ·

305 595 372 656 GR.
401 588 520 654 Ervom
545 591 685 656 daturin'
709 597 801 679 estis,
826 596 927 660 bubus
949 598 1033 680 quod
1057 597 1182 663 feram?

259 702 347 767 Date
370 721 424 766 aes
447 702 475 766 si
499 722 566 766 non
589 707 679 769 estis.
724 707 835 791 Agite,
857 726 951 791 porro
972 710 1108 795 pergite,

260 813 425 902 Qoniam
446 815 637 898 occepistis!
666 816 790 882 bibite!
820 820 1092 902 pergraecamini!

260 925 355 993 Este!
386 924 532 990 effercite
555 925 633 990 vos!
662 929 809 1012 saginam
832 929 978 996 caedite!

306 1042 367 1103 Tre.
397 1036 487 1101 Tace
511 1052 606 1121 atque
628 1039 681 1101 abi
706 1058 778 1102 rus:
806 1057 867 1122 ego
890 1041 938 1105 ire
962 1043 998 1105 in
1022 1041 1170 1105 Piraeum
1193 1043 1280 1128 volo,

261 1149 301 1213 ln
324 1168 491 1234 vesperum
513 1169 623 1234 parare
647 1150 807 1234 piscatum
829 1150 923 1216 mihi.

261 1260 379 1324 Ervom
401 1263 465 1326 tibi
487 1260 605 1344 aliquis
628 1278 698 1323 cras
720 1260 794 1324 faxo
816 1259 856 1322 ad
882 1261 995 1323 viliam
1016 1258 1149 1324 adferat.
1366 1267 1409 1351 65

259 1370 348 1458 Qid
369 1372 444 1435 est?
471 1370 550 1453 quid
573 1377 609 1432 tu
635 1388 688 1433 me
710 1389 797 1432 nunc
820 1378 963 1455 optuere,
986 1369 1140 1436 furcifer?

305 1484 371 1545 GR.
401 1479 459 1544 Pol
480 1482 543 1545 tibi
569 1481 653 1544 istuc
674 1479 769 1544 credo
790 1499 912 1544 nomen
935 1491 1081 1547 actutum
1105 1482 1184 1549 fore.

306 1593 368 1655 Tre.
398 1590 487 1653 Dum
510 1593 637 1654 interea
657 1592 707 1655 sic
729 1593 785 1677 sit,
809 1594 897 1658 istuc
917 1598 1097 1660 “actutum
1105 1596 1126 1624 ”
1151 1597 1235 1660 sino.

305 1703 371 1765 GR.
400 1698 451 1764 Ita
474 1708 545 1783 est3
574 1700 630 1763 sed
654 1720 754 1765 unum
776 1704 837 1767 hoc
858 1707 953 1789 scit0,
978 1708 1083 1770 nimio
1106 1709 1241 1772 celerius

259 1809 379 1873 Venire
396 1809 480 1893 quod
497 1810 670 1874 molestum
684 1822 746 1896 est,
761 1831 856 1895 quam
872 1815 951 1877 illud
966 1817 1049 1897 quod
1067 1818 1207 1899 *cupide
1221 1825 1321 1901 petas.
1366 1832 1408 1899 70

305 1924 367 1985 Tre.
396 1918 556 1984 Molestus
579 1941 621 1984 ne
644 1922 711 1985 sis:
740 1923 915 1985 nunciam
940 1925 952 1985 i
976 1944 1039 2007 rus,
1063 1932 1097 1987 te
1120 1944 1243 1989 amove.

259 2031 315 2094 Ne
338 2040 375 2096 tu
398 2051 494 2116 erres,
516 2033 633 2117 hercle,
656 2032 841 2117 praeterhac
864 2034 945 2097 mihi
971 2052 1037 2097 non
1060 2033 1161 2098 facies
1185 2052 1319 2099 moram.

295 2235 339 2286 59.
373 2219 506 2274 ΜΒ.
553 2238 647 2273 ervum
657 2219 759 2273 BbFZ.
807 2237 910 2274 servom
920 2217 969 2273 Ba.
1017 2238 1122 2273 servum
1132 2220 1194 2274 CD.
1282 2220 1405 2288 daturinf,

259 2289 399 2359 sol’ylad.
452 2289 516 2344 The
529 2290 609 2343 MSS.
622 2290 799 2344 harenatum
907 2289 992 2343 Bubus
1005 2287 1038 2343 B.
1092 2290 1234 2343 Robusthe
1245 2296 1311 2344 rest.

296 2364 339 2415 6ο.
375 2362 446 2414 Date
462 2379 506 2415 aes
522 2364 546 2414 si
563 2361 696 2425 nonestis,
714 2376 746 2412 so
764 2360 844 2427 Vulg.
897 2357 962 2412 The
982 2359 1063 2413 MSS.
1081 2374 1128 2414 are
1146 2359 1181 2412 all
1199 2367 1312 2426 corrupt
1328 2359 1406 2414 here.

260 2431 336 2485 Data
353 2450 378 2485 es
395 2433 512 2485 inonestis
525 2430 557 2499 B,
569 2430 623 2484 and
637 2447 668 2484 so
681 2429 723 2483 Bb
735 2430 802 2483 with
817 2429 981 2484 arrhabone
995 2430 1044 2484 the
1062 2449 1084 2483 o.
1138 2430 1228 2483 Datne
1244 2431 1268 2482 si
1285 2448 1332 2483 non
1347 2432 1407 2482 estis

260 2500 309 2555 Bc.
362 2503 434 2556 Date
449 2520 475 2554 es
493 2503 618 2555 inhoneste
629 2501 663 2555 C.
716 2501 952 2555 Dataesinhonestis
965 2499 1003 2555 D.
1056 2501 1129 2555 Dato
1143 2518 1187 2554 aes
1201 2501 1335 2554 inhonestis
1349 2499 1371 2553 F
1374 2500 1409 2556 Z.

262 2571 286 2625 R
300 2571 349 2626 has
361 2571 531 2626 remodelied
542 2572 590 2625 the
603 2572 694 2625 line-

473 2658 556 2727 Date,
574 2658 597 2712 si
615 2674 670 2712 non
689 2658 770 2713 estis:
796 2655 946 2728 [ceterum]
965 2658 1038 2725 agite
1055 2657 1196 2726 pergite—

259 2747 352 2802 where
369 2746 405 2801 he
424 2746 563 2801 considers
580 2748 640 2800 estis
656 2762 686 2800 as
704 2747 860 2815 equivalent
877 2752 908 2799 to
926 2747 1008 2799 editis.
1062 2744 1100 2797 W
1119 2745 1167 2797 has
1183 2744 1255 2797 Dare
1272 2762 1323 2810 aer,
1338 2745 1362 2797 si
1379 2763 1409 2797 ne

258 2820 328 2872 estr‘s.
363 2818 419 2871 We
437 2816 506 2872 have
523 2816 648 2871 retained
665 2816 714 2870 the
726 2816 851 2883 Vulgate‚
869 2816 920 2870 but
938 2816 985 2869 the
1003 2821 1065 2869 text
1083 2821 1156 2868 must
1172 2813 1210 2867 be
1227 2813 1361 2881 regarded
1378 2831 1409 2868 as

260 2888 337 2956 quite
348 2888 500 2942 uncertain.
590 2888 637 2941 W.
649 2887 741 2955 places
752 2903 768 2940 a
780 2902 889 2940 comma
901 2885 973 2940 after
983 2888 1062 2955 agite,
1074 2885 1122 2939 the
1135 2884 1215 2952 Vulg.
1227 2885 1299 2939 after
1305 2896 1394 2954 porro.

296 2962 341 3012 ⁶1.
376 2959 502 3027 moniam
516 2958 548 3013 B.
602 2959 649 3028 quir
667 2974 683 3011 a
701 2957 872 3011 contractiori
887 2956 932 3010 ior
946 2959 1063 3026 quoniam
1079 2956 1106 3009 in
1120 2955 1182 3008 CD.
1236 2955 1362 3025 Quomodo
1376 2954 1409 3008 F.

260 3023 340 3095 Vulg.
393 3030 448 3098 Quo
461 3027 534 3081 ZW.
640 3030 753 3098 occepisti
765 3027 827 3081 CD.
932 3027 1009 3080 bibite
1020 3027 1070 3081 Bc.
1122 3025 1174 3079 bibi
1186 3025 1290 3080 BaCD.

296 3102 341 3151 62.
407 3099 490 3165 ercite,
511 3114 543 3151 so
562 3099 672 3152 Camer.
725 3097 789 3152 The
810 3097 894 3155 MSS.
908 3113 956 3151 are
973 3113 1040 3167 very
1059 3102 1182 3164 corrupt.
1235 3115 1261 3149 ec
1272 3096 1355 3164 fer-in
1375 3093 1408 3147 B.

258 3167 368 3235 ecftrme
405 3167 459 3222 Da.
505 3170 601 3239 efferite
613 3168 669 3222 Db.
716 3170 835 3236 ocj'err‘te
848 3168 906 3224 ΕΖ.
955 3167 1086 3221 Rwrites
1096 3167 1219 3235 ecfercite.
1316 3166 1409 3219 caedite

259 3237 293 3293 B.
346 3239 424 3291 cedite
436 3238 484 3291 the
497 3244 553 3292 rest
565 3238 599 3292 oi
607 3238 655 3291 the
668 3238 749 3293 MSS.
804 3238 868 3292 The
881 3239 995 3306 reading
1007 3239 1029 3292 is
1041 3244 1091 3292 not
1103 3238 1284 3306 satisfactory.

293 3311 338 3375 ⁶3·
371 3307 543 3362 abinuBC.
596 3307 713 3362 abitum
725 3307 788 3378 (ie.
799 3309 955 3379 abitum)
968 3309 1006 3364 D.
1060 3304 1382 3375 rusabiCamer.,thg.

293 3381 338 3434 66.
373 3379 435 3448 qnid
444 3388 473 3431 tu
485 3378 574 3431 CDZ.
588 3377 667 3445 Vulg.
677 3378 725 3433 W.
778 3381 847 3448 quod
857 3391 885 3433 tu
897 3379 983 3434 BFR.
1119 3390 1187 3432 mere
1199 3377 1233 3433 B.

295 3452 339 3502 68.
374 3450 526 3514 intereant,
539 3464 570 3501 so
583 3448 689 3501 Mutet.
701 3448 755 3501 and
767 3449 864 3504 Lamb.
917 3453 1076 3504 intercurrit
1113 3449 1177 3504 CD.

294 3522 338 3586 ⁶9·
373 3522 417 3573 Ita
428 3529 475 3585 ert,
486 3534 518 3571 so
529 3518 577 3572 the
590 3518 672 3574 MSS.
726 3520 809 3591 Itafir
823 3519 858 3588 R,
870 3521 986 3576 without
999 3537 1105 3577 reason.

295 3604 340 3656 70.
375 3589 440 3644 The
453 3589 534 3643 MSS.
546 3589 615 3643 have

417 3676 519 3730 Venire
537 3675 613 3745 quod
631 3674 746 3729 moleste
764 3692 847 3746 quam
864 3677 929 3731 illud
948 3678 1023 3746 quod
1041 3676 1139 3745 cupide
1157 3681 1243 3745 petas,

258 3762 332 3833 (illuc
344 3782 390 3833 qno
402 3761 451 3816 Ba.
504 3762 563 3816 illuc
574 3763 640 3831 quod
650 3760 698 3832 C.)
754 3764 842 3817 Venire
855 3765 921 3834 quod
930 3750 1059 3820 molestum
1071 3776 1110 3820 est
1120 3783 1197 3835 quam
1209 3763 1240 3817 id
1248 3762 1314 3832 quod
1323 3760 1407 3830 τιφὶᾰτ

252 3845 328 3906 petas
340 3835 436 3907 Pylad.
445 3834 525 3901 Vulg.
579 3832 628 3887 W.
641 3832 689 3886 has
1131 3874 1136 3877 .

416 3922 529 3989 Venire,
547 3920 622 3991 quod
640 3920 787 3974 molestum
805 3927 856 3989 est,
874 3937 957 3990 quam
976 3920 1041 3976 illud
1059 3921 1134 3990 quod
1151 3928 1238 3991 petas.

190 4021 195 4028 '
258 4011 294 4081 R,
305 4028 335 4068 as
347 4010 432 4081 muri,
444 4010 540 4066 makes
551 4025 630 4063 more
642 4008 745 4063 violent
757 4008 920 4077 changes,-
1007 4072 1017 4087 .

233 4084 245 4102 ⁸
470 4098 573 4151 Venire
591 4096 666 4167 quod
684 4104 716 4151 tu
733 4097 811 4164 nolis,
829 4111 912 4165 quam
931 4094 990 4149 illut
1008 4094 1083 4164 quod
1100 4101 1187 4163 petas.

291 4203 335 4250 71.
372 4185 579 4241 SotheMSS.
633 4181 1043 4240 nmiomnrsteamoveR.
1096 4183 1408 4246 nrmciomirusteque

255 4275 349 4308 amove
361 4258 471 4311 Camer.
484 4256 563 4323 Vulg.
577 4256 625 4310 W.

292 4337 336 4404 ⁷.²·
371 4325 468 4378 Sothe
481 4325 571 4391 MSS„
579 4333 679 4394 except
690 4325 750 4379 that
763 4326 845 4379 Bhas
850 4287 987 4395 preterhac
999 4322 1053 4406 and
1057 4324 1172 4394 fatiges.
1220 4394 1226 4405 .
1259 4318 1407 4388 facioesC.

247 4391 340 4457 sacras
353 4391 385 4446 F.
423 4393 462 4444 W
476 4394 565 4447 leaves
576 4402 626 4446 out
638 4395 727 4460 hercle,
740 4396 828 4449 which
841 4393 1081 4466 maybeomrtted
1093 4395 1121 4448 in
1133 4408 1275 4461 scannrng.
1320 4389 1346 4442 R
1359 4388 1407 4442 has

444 4477 488 4532 Ne
507 4485 537 4532 tu
555 4493 640 4546 erres,
658 4495 713 4533 non
732 4482 798 4535 mihi
816 4482 976 4550 praeterhac
994 4482 1078 4537 iacies
1096 4496 1211 4536 moram.
